3028 4468
613 341 828 390 OXONIENSIS

690 593 753 634 CXX

261 688 752 750 Dividimur-faleor—fortuna
771 692 803 749 et
824 688 946 766 dispare
966 689 1039 764 vila

300 807 372 847 cum
393 808 450 848 nec
471 787 619 847 dividuus
640 791 763 848 constet
782 790 815 847 el
835 808 919 847 unus
940 807 1036 848 amor.

258 885 390 960 proinde
410 906 518 947 meum
539 886 676 945 maculat
697 886 841 962 quotiens
862 886 993 946 infamia
1017 906 1141 960 nomen,

299 1004 392 1043 omne
412 984 494 1044 mihi
513 984 633 1044 crimen
653 986 684 1043 te
705 984 772 1044 sine
792 985 873 1044 ferre
895 987 1010 1045 manet.

259 1083 292 1140 at
312 1083 417 1142 studio
439 1083 583 1160 quamvis
599 1103 663 1142 uno
684 1083 839 1142 sociemur
860 1083 994 1156 amandi,

297 1180 455 1240 vincimur
475 1181 594 1241 invidia
615 1181 881 1257 distrahimurque
902 1181 1003 1251 deum,

258 1298 345 1355 quae,
369 1279 442 1339 licei
463 1279 599 1339 officium
620 1279 777 1356 fidemque
798 1279 883 1339 haud
904 1281 1006 1338 mutel
1026 1280 1150 1353 amoris„

299 1380 441 1453 tempora
461 1377 614 1454 disperdit
634 1377 819 1455 deliciasque
840 1378 930 1454 rapit.

257 1476 319 1536 iam
340 1476 441 1536 scelus
461 1477 524 1536 heu
545 1479 691 1537 nostrum
712 1497 752 1537 ne
773 1478 815 1536 sit
836 1477 894 1536 tibi
913 1497 1006 1537 causa
1026 1476 1162 1553 pudoris,

298 1575 340 1635 sit
361 1575 442 1635 mihi
463 1575 510 1635 fas
531 1575 614 1652 ignis
635 1576 831 1635 dissimulare
852 1595 956 1635 meos:

258 1675 356 1749 tuque
375 1674 480 1748 palam
501 1674 568 1734 noli
589 1674 681 1733 nobis
702 1675 773 1733 dare
794 1674 893 1734 comis
913 1674 1066 1733 honorem

298 1792 338 1831 ne
359 1772 441 1831 mihi
462 1794 555 1850 quem
577 1774 688 1833 reddas
708 1774 750 1833 sir
770 1773 830 1832 tibi
851 1773 997 1849 demptus
1018 1774 1125 1833 honor.

256 1890 346 1947 parce
367 1874 439 1931 tuae
459 1872 580 1934 famae:
607 1892 680 1932 nam
700 1875 731 1931 le
753 1873 854 1947 modo,
878 1892 955 1948 cara,
979 1872 1098 1949 potitus

297 1972 329 2028 et
348 1970 452 2046 potior
472 1971 573 2030 famae
594 1974 682 2046 parte
702 1972 851 2048 fruorque
872 1973 952 2031 luae.

1084 2081 1109 2116 Δ.
1123 2083 1143 2115 J.
1157 2082 1180 2115 B.

672 2287 749 2330 cxxr

338 2401 481 2460 Morialis
501 2401 601 2478 specie
621 2402 687 2461 vita
707 2402 795 2462 brevi
816 2401 904 2479 fugit,

336 2536 414 2593 quae
435 2517 577 2576 mendaci
597 2517 743 2576 homines
764 2518 853 2577 ludat
871 2516 1028 2594 imagine:

336 2633 412 2690 sunl
431 2631 527 2691 falsae
547 2632 703 2707 lacrimae,
727 2632 865 2710 falsaque
887 2631 1016 2708 gaudia:

376 2746 452 2805 solis
472 2748 520 2805 esl
541 2747 663 2823 superis
683 2747 770 2809 fides.

335 2864 372 2921 ul
392 2862 439 2921 sol
461 2862 588 2922 occiduo
607 2862 728 2922 lumine
748 2862 846 2939 gloria

336 2977 449 3053 pallet:
470 2998 541 3054 spes
562 2981 594 3037 et
614 2997 703 3063 arnor
723 2977 883 3054 formaque
904 2976 1065 3055 virginum

336 3094 488 3170 effulgent
508 3095 633 3154 tumulo
654 3094 763 3170 debita,
786 3114 843 3153 nec
864 3093 959 3153 micat

376 3209 451 3268 solis
471 3210 506 3268 ni
527 3210 648 3286 superis
668 3208 779 3270 honor.

335 3325 411 3402 quin
431 3345 490 3384 nos
510 3325 653 3385 sollicitis
674 3324 718 3383 sio
739 3325 870 3385 ferimur
889 3326 987 3401 fretis,

333 3459 412 3516 quos
432 3461 489 3500 nec
509 3440 560 3501 vis
581 3440 678 3500 animi
700 3460 756 3517 per
775 3441 911 3501 latebras
930 3441 999 3501 viae

333 3555 493 3616 illustrare
514 3556 598 3617 valet
619 3577 676 3616 nec
697 3556 783 3616 nitor
802 3556 910 3633 ingeni
919 3579 968 3617 :—

374 3672 450 3731 solis
471 3675 518 3732 est
538 3673 659 3749 superis
680 3672 776 3749 quies.

293 3863 320 3909 13
