3028 4468
610 345 825 394 OXONIENSIS

657 498 769 539 cxxxn

349 563 449 640 Οῖμοι·

350 662 399 728 καὶ
421 665 456 743 δὴ
481 668 582 727 θανεῖν
603 661 633 744 μ’
656 662 761 742 ἔταξας
783 666 841 728 ὦδε
863 663 920 726 σὺν
944 662 1038 744 τάχει,

350 765 373 830 ὦ
398 772 514 847 δαῖμον,
536 767 616 846 ἥβης
640 768 666 831 δ’
689 770 722 830 ἐν
743 767 861 847 μέτροις
884 770 943 830 ὑπὸ
965 771 1075 849 χθονὸς

352 872 452 936 εάλαῖς
476 875 611 935 συνεῖναι
635 874 684 934 καὶ
707 872 812 957 σαπρῷ
832 873 926 954 ψύχει
949 871 1069 947 σκότου,

352 977 449 1059 στενῷ
471 975 497 1036 τ’
520 976 638 1052 ἔνερθεν
661 976 892 1058 ἔγκατεζεῦχθοι
916 975 995 1037 κύτει
1006 1000 1015 1050 ;

352 1078 391 1144 ὡς
413 1078 483 1158 μήθ’
505 1080 578 1160 ὁρᾶν
600 1105 636 1160 γε
659 1082 789 1160 φαιδρὸν
810 1078 899 1156 ἡλίου
922 1077 1009 1158 φάος,

351 1180 419 1260 μήτ’
444 1179 556 1262 εὖφρον
577 1180 661 1248 αὖθις
685 1180 807 1263 φθέγμά
828 1206 881 1243 του
906 1182 1023 1258 ζώντων
1045 1182 1089 1244 ἔτι

353 1284 483 1364 ἔμπνουν
505 1284 635 1362 ἀκούειν,
658 1283 724 1365 μηδ’
749 1286 801 1366 ἀφ’
825 1284 943 1367 ἡσύχου
965 1289 1055 1349 ποδὸς

353 1388 435 1473 ἔχειν
459 1386 599 1466 συνήθεις
622 1388 792 1469 φροντίδων
815 1388 1011 1470 ἐπιστροφάς,

352 1491 459 1574 πικρὰς
479 1494 535 1570 μὲν
557 1492 632 1566 οῖδα,
654 1492 753 1556 πάντα
776 1492 801 1556 δ’
824 1494 851 1555 εἰ
875 1489 1060 1572 στερήσομαι

352 1594 470 1678 ἄλγιον,
493 1597 535 1660 είς
557 1595 591 1659 τὸ
614 1599 706 1676 μηδὲν
729 1594 767 1674 ἦν
788 1598 884 1675 μόλω·
911 1596 941 1658 τί
961 1597 1011 1659 δαί
1022 1622 1033 1670 ,·

354 1705 387 1762 τὸ
409 1700 502 1777 μηδὲν
524 1697 542 1777 ἢ
565 1700 596 1761 τί
616 1703 713 1777 δῆτα,·
744 1706 800 1764 ποῖ
819 1706 938 1783 φρενῶν
961 1700 1063 1778 ἔβην,·

354 1803 506 1886 σύγγνωθι
529 1803 566 1884 δ’,
588 1801 611 1866 ἀ
635 1809 702 1881 Ζεῦ,
724 1805 799 1882 μηδὲ
820 1805 978 1884 μαινοίμην
1000 1803 1037 1885 γέ
1058 1829 1115 1881 πω,

353 1905 453 1987 μάται’
475 1908 589 1995 ἐχούσῃ
612 1906 726 1988 δείματ’
751 1911 779 1971 εί
799 1910 830 1971 τί
852 1935 915 1974 πως
938 1910 1001 1972 ἐκεῖ

354 2012 394 2090 μὴ
417 2017 500 2093 γαῖα,
522 2010 562 2091 μη
587 2012 664 2090 θεός,
687 2014 762 2090 μηδὲ
785 2013 936 2093 δαιμόνων
958 2012 1050 2093 ἔδραι,

354 2115 421 2195 μηδ’
444 2115 523 2179 ἄλλο
545 2116 645 2196 μηδέν,
667 2115 748 2195 πλὴν
769 2117 965 2197 μελαμβαθὲς
989 2116 1108 2197 κνέφας,

354 2220 472 2300 ἔρημον,
496 2222 670 2301 ἀφόφητον,
693 2219 858 2285 άστειπτον
880 2227 1012 2302 βροτοῖς·

354 2326 392 2386 τά
414 2325 512 2388 πάντα
534 2325 559 2388 δ’
583 2327 609 2388 εί
632 2321 741 2405 γένοιτ’
764 2323 933 2405 ἀλάστορος
955 2327 1065 2405 πατρὸς

354 2427 469 2508 μίμημ’,
493 2428 609 2492 έκείνου
631 2427 657 2491 δ’
681 2430 763 2508 ὄμμα
786 2425 833 2491 καὶ
856 2428 1037 2510 περιπτυχαί

355 2537 465 2613 χειρῶν
488 2533 603 2595 ἐκείνου
626 2531 757 2614 γλῶσσά
779 2531 803 2595 τ’
827 2533 949 2612 έμπαίοι
972 2531 1070 2612 φρενί,

356 2635 401 2699 οῖς
424 2634 494 2710 ζῶσ’
518 2634 652 2719 ἔνῴκουν,
675 2637 703 2697 εί
724 2634 787 2698 τάδ’
811 2634 847 2713 ἦν
870 2636 938 2712 ζωή·
967 2635 999 2696 τί
1017 2632 1074 2715 γάρ
1087 2658 1097 2706 ,·

356 2739 383 2799 εἰ
405 2737 430 2800 δ’
453 2737 516 2801 αὖτ’
540 2739 685 2817 ἐπελθόν,
707 2739 839 2820 ἐμφερὴς
861 2736 939 2822 αὐτῷ
961 2736 1041 2814 σκιά,

355 2842 473 2922 ῥυτίδας
496 2842 598 2922 ὁμοῖος
620 2841 673 2907 τάς
696 2866 729 2906 τε
751 2840 905 2922 λενκήρεις
929 2843 1040 2923 τρίχας,

357 2945 430 3024 ὅπερ
451 2946 480 3026 μ’
504 2947 600 3026 ἔτειρε
622 2947 729 3023 ζῶντος
752 2943 971 3025 έξεσταλμένος

356 3051 514 3130 μόρφωμα,
535 3049 664 3130 μάρπτοι
688 3051 825 3116 δυσθέοις
848 3051 1021 3131 βραχίοσιν,

356 3151 486 3230 βάλλων
508 3151 534 3216 δ’
557 3152 606 3233 ἀμ’
630 3155 821 3235 ἐχθίστοισιν
843 3149 982 3233 ὀμμάτων
1004 3157 1115 3231 βολαῖς

358 3255 446 3337 κάτω,
468 3255 547 3319 κάτω
570 3257 658 3338 φέροι
678 3281 716 3335 με
738 3259 793 3336 τὴν
815 3257 985 3322 παναθλίαν
997 3282 1008 3331 ,·

357 3360 391 3422 τὸ
414 3361 528 3443 πρόσθε
550 3363 604 3439 μὲν
626 3363 684 3444 γάρ
707 3360 781 3446 ἦρχε
803 3362 972 3443 παγκρατὴς
995 3365 1067 3440 ἐμοῦ

358 3463 419 3526 τόθ’
442 3462 521 3541 ἡνίκ’
543 3465 601 3543 ἔζη,
626 3471 679 3528 νῦν
701 3466 734 3528 δὲ
758 3462 805 3528 καῖ
829 3465 927 3529 θανῖον
950 3466 1029 3545 ὅμως

357 3568 501 3649 δύσφρων
524 3567 665 3650 ἀλάστωρ
687 3573 782 3632 πᾶσιν
804 3569 953 3652 ἐμψύχοις
976 3569 1029 3643 ἔνι,

357 3671 472 3751 τεύχων
495 3672 605 3759 ἔμαυτγ
627 3677 689 3736 τοῖς
711 3668 736 3734 τ’
759 3673 841 3751 έμοῖς
864 3673 969 3754 φίλοις
993 3668 1039 3735 ἀεὶ

358 3776 536 3856 στεναγμόν,
559 3775 642 3854 ἄτην,
665 3777 832 3857 συμφοράς,
853 3776 1034 3859 ἀλγηδόνας.
1079 3810 1113 3843 w.
1126 3809 1193 3844 αις.
