<?xml version="1.0" encoding="UTF-8"?>
<!DOCTYPE html PUBLIC "-//W3C//DTD XHTML 1.0 Transitional//EN"
    "http://www.w3.org/TR/xhtml1/DTD/xhtml1-transitional.dtd">
<html xmlns="http://www.w3.org/1999/xhtml" xml:lang="en" lang="en">
 <head>
  <title>
</title>
<meta http-equiv="Content-Type" content="text/html;charset=utf-8" />
  <meta name='ocr-system' content='tesseract 3.04.00' />
  <meta name='ocr-capabilities' content='ocr_page ocr_carea ocr_par ocr_line ocrx_word'/>
</head>
<body>
  <div class='ocr_page' id='page_1' title='image "./novaanthologiao02godlgoog_0034.png"; bbox 0 0 3018 4478; ppageno 0'>
   <div class='ocr_carea' id='block_1_1' title="bbox 600 366 817 419">
    <p class='ocr_par' dir='ltr' id='par_1_1' title="bbox 600 366 817 419">
     <span class='ocr_line' id='line_1_1' title="bbox 600 366 817 419; baseline 0.014 -4"><span class='ocrx_word' id='word_1_1' title='bbox 600 366 817 419; x_wconf 84' lang='lat' dir='ltr'>OXONIENSIS</span> 
     </span>
    </p>
   </div>
   <div class='ocr_carea' id='block_1_2' title="bbox 326 545 998 1683">
    <p class='ocr_par' dir='ltr' id='par_1_2' title="bbox 326 545 998 1683">
     <span class='ocr_line' id='line_1_2' title="bbox 693 545 716 586; baseline 0 0"><span class='ocrx_word' id='word_1_2' title='bbox 693 545 716 586; x_wconf 85' lang='lat' dir='ltr'><strong>x</strong></span> 
     </span>
     <span class='ocr_line' id='line_1_3' title="bbox 328 622 998 700; baseline 0.001 -18"><span class='ocrx_word' id='word_1_3' title='bbox 328 622 466 696; x_wconf 81' lang='lat' dir='ltr'><strong>Terram,</strong></span> <span class='ocrx_word' id='word_1_4' title='bbox 490 623 640 699; x_wconf 78' lang='lat' dir='ltr'>repressis</span> <span class='ocrx_word' id='word_1_5' title='bbox 659 643 716 700; x_wconf 90' lang='lat' dir='ltr'>per</span> <span class='ocrx_word' id='word_1_6' title='bbox 736 643 822 683; x_wconf 87' lang='lat' dir='ltr'>mare</span> <span class='ocrx_word' id='word_1_7' title='bbox 843 623 998 699; x_wconf 84' lang='lat' dir='ltr'>fluetibus,</span> 
     </span>
     <span class='ocr_line' id='line_1_4' title="bbox 327 721 952 800; baseline 0.002 -19"><span class='ocrx_word' id='word_1_8' title='bbox 327 723 477 781; x_wconf 79' lang='lat' dir='ltr'>ventosus</span> <span class='ocrx_word' id='word_1_9' title='bbox 499 721 570 795; x_wconf 89' lang='lat' dir='ltr'>odi;</span> <span class='ocrx_word' id='word_1_10' title='bbox 597 724 667 781; x_wconf 91' lang='lat' dir='ltr'>tum</span> <span class='ocrx_word' id='word_1_11' title='bbox 688 722 788 799; x_wconf 85' lang='lat' dir='ltr'>plaeet</span> <span class='ocrx_word' id='word_1_12' title='bbox 808 722 952 800; x_wconf 85' lang='lat' dir='ltr'>aequeris</span> 
     </span>
     <span class='ocr_line' id='line_1_5' title="bbox 367 818 782 896; baseline 0.012 -19"><span class='ocrx_word' id='word_1_13' title='bbox 367 818 498 896; x_wconf 70' lang='lat' dir='ltr'>pellacia</span> <span class='ocrx_word' id='word_1_14' title='bbox 517 822 549 879; x_wconf 89' lang='lat' dir='ltr'>et</span> <span class='ocrx_word' id='word_1_15' title='bbox 570 819 652 881; x_wconf 89' lang='lat' dir='ltr'>risus</span> <span class='ocrx_word' id='word_1_16' title='bbox 672 821 782 893; x_wconf 81' lang='lat' dir='ltr'>sereni,</span> 
     </span>
     <span class='ocr_line' id='line_1_6' title="bbox 408 916 882 996; baseline 0.002 -19"><span class='ocrx_word' id='word_1_17' title='bbox 408 916 463 977; x_wconf 89' lang='lat' dir='ltr'>sed</span> <span class='ocrx_word' id='word_1_18' title='bbox 484 918 584 978; x_wconf 89' lang='lat' dir='ltr'>rabidi</span> <span class='ocrx_word' id='word_1_19' title='bbox 605 918 701 978; x_wconf 85' lang='lat' dir='ltr'>simul</span> <span class='ocrx_word' id='word_1_20' title='bbox 722 918 770 979; x_wconf 89' lang='lat' dir='ltr'>ira</span> <span class='ocrx_word' id='word_1_21' title='bbox 790 919 882 996; x_wconf 89' lang='lat' dir='ltr'>ponti</span> 
     </span>
     <span class='ocr_line' id='line_1_7' title="bbox 327 1015 909 1094; baseline 0.005 -20"><span class='ocrx_word' id='word_1_22' title='bbox 327 1015 484 1093; x_wconf 88' lang='lat' dir='ltr'>immugit,</span> <span class='ocrx_word' id='word_1_23' title='bbox 509 1018 540 1075; x_wconf 89' lang='lat' dir='ltr'>et</span> <span class='ocrx_word' id='word_1_24' title='bbox 559 1016 610 1077; x_wconf 82' lang='lat' dir='ltr'>vis</span> <span class='ocrx_word' id='word_1_25' title='bbox 631 1036 759 1094; x_wconf 85' lang='lat' dir='ltr'>spumea</span> <span class='ocrx_word' id='word_1_26' title='bbox 779 1017 909 1077; x_wconf 85' lang='lat' dir='ltr'>fervidis</span> 
     </span>
     <span class='ocr_line' id='line_1_8' title="bbox 326 1114 896 1192; baseline 0.005 -19"><span class='ocrx_word' id='word_1_27' title='bbox 326 1114 462 1174; x_wconf 76' lang='lat' dir='ltr'>exsultat</span> <span class='ocrx_word' id='word_1_28' title='bbox 482 1115 585 1190; x_wconf 89' lang='lat' dir='ltr'>undis,</span> <span class='ocrx_word' id='word_1_29' title='bbox 609 1117 736 1192; x_wconf 81' lang='lat' dir='ltr'>terreor,</span> <span class='ocrx_word' id='word_1_30' title='bbox 761 1119 793 1175; x_wconf 88' lang='lat' dir='ltr'>et</span> <span class='ocrx_word' id='word_1_31' title='bbox 813 1119 896 1176; x_wconf 91' lang='lat' dir='ltr'>retro</span> 
     </span>
     <span class='ocr_line' id='line_1_9' title="bbox 368 1213 856 1291; baseline 0.006 -20"><span class='ocrx_word' id='word_1_32' title='bbox 368 1213 406 1271; x_wconf 89' lang='lat' dir='ltr'>ad</span> <span class='ocrx_word' id='word_1_33' title='bbox 427 1232 502 1272; x_wconf 87' lang='lat' dir='ltr'>rura</span> <span class='ocrx_word' id='word_1_34' title='bbox 521 1213 736 1291; x_wconf 79' lang='lat' dir='ltr'>silvestrisque</span> <span class='ocrx_word' id='word_1_35' title='bbox 756 1215 856 1275; x_wconf 89' lang='lat' dir='ltr'>saltus</span> 
     </span>
     <span class='ocr_line' id='line_1_10' title="bbox 409 1312 903 1390; baseline 0.002 -20"><span class='ocrx_word' id='word_1_36' title='bbox 409 1314 522 1387; x_wconf 82' lang='lat' dir='ltr'>vertor,</span> <span class='ocrx_word' id='word_1_37' title='bbox 546 1312 603 1372; x_wconf 92' lang='lat' dir='ltr'>ubi</span> <span class='ocrx_word' id='word_1_38' title='bbox 621 1332 788 1374; x_wconf 85' lang='lat' dir='ltr'>numerosa</span> <span class='ocrx_word' id='word_1_39' title='bbox 809 1312 903 1390; x_wconf 88' lang='lat' dir='ltr'>pinus</span> 
     </span>
     <span class='ocr_line' id='line_1_11' title="bbox 327 1409 965 1485; baseline 0.003 -18"><span class='ocrx_word' id='word_1_40' title='bbox 327 1410 381 1468; x_wconf 93' lang='lat' dir='ltr'>dat</span> <span class='ocrx_word' id='word_1_41' title='bbox 401 1409 496 1469; x_wconf 88' lang='lat' dir='ltr'>fiante</span> <span class='ocrx_word' id='word_1_42' title='bbox 516 1412 610 1471; x_wconf 81' lang='lat' dir='ltr'>rente</span> <span class='ocrx_word' id='word_1_43' title='bbox 631 1412 779 1472; x_wconf 84' lang='lat' dir='ltr'>earmina.</span> <span class='ocrx_word' id='word_1_44' title='bbox 820 1430 877 1472; x_wconf 86' lang='lat' dir='ltr'>vae</span> <span class='ocrx_word' id='word_1_45' title='bbox 898 1409 965 1485; x_wconf 76' lang='lat' dir='ltr'>tibi,</span> 
     </span>
     <span class='ocr_line' id='line_1_12' title="bbox 327 1506 896 1585; baseline 0.005 -19"><span class='ocrx_word' id='word_1_46' title='bbox 327 1506 356 1566; x_wconf 89' lang='lat' dir='ltr'>si</span> <span class='ocrx_word' id='word_1_47' title='bbox 376 1508 447 1584; x_wconf 90' lang='lat' dir='ltr'>quis</span> <span class='ocrx_word' id='word_1_48' title='bbox 466 1529 522 1585; x_wconf 86' lang='lat' dir='ltr'>per</span> <span class='ocrx_word' id='word_1_49' title='bbox 542 1512 647 1570; x_wconf 88' lang='lat' dir='ltr'>aestus</span> <span class='ocrx_word' id='word_1_50' title='bbox 668 1509 809 1569; x_wconf 83' lang='lat' dir='ltr'>instabili</span> <span class='ocrx_word' id='word_1_51' title='bbox 829 1512 896 1569; x_wconf 88' lang='lat' dir='ltr'>rate</span> 
     </span>
     <span class='ocr_line' id='line_1_13' title="bbox 367 1606 852 1683; baseline 0.006 -18"><span class='ocrx_word' id='word_1_52' title='bbox 367 1606 502 1683; x_wconf 88' lang='lat' dir='ltr'>piseator</span> <span class='ocrx_word' id='word_1_53' title='bbox 522 1628 615 1670; x_wconf 89' lang='lat' dir='ltr'>erras.</span> <span class='ocrx_word' id='word_1_54' title='bbox 659 1628 711 1668; x_wconf 93' lang='lat' dir='ltr'>me</span> <span class='ocrx_word' id='word_1_55' title='bbox 731 1608 852 1669; x_wconf 84' lang='lat' dir='ltr'>iuvabit</span> 
     </span>
    </p>
   </div>
   <div class='ocr_carea' id='block_1_3' title="bbox 327 1707 968 2180">
    <p class='ocr_par' dir='ltr' id='par_1_3' title="bbox 327 1707 968 2180">
     <span class='ocr_line' id='line_1_14' title="bbox 407 1707 896 1784; baseline 0.008 -19"><span class='ocrx_word' id='word_1_56' title='bbox 407 1707 466 1766; x_wconf 85' lang='lat' dir='ltr'>sub</span> <span class='ocrx_word' id='word_1_57' title='bbox 486 1707 607 1784; x_wconf 88' lang='lat' dir='ltr'>platani</span> <span class='ocrx_word' id='word_1_58' title='bbox 627 1710 773 1769; x_wconf 77' lang='lat' dir='ltr'>recubare</span> <span class='ocrx_word' id='word_1_59' title='bbox 793 1710 896 1782; x_wconf 83' lang='lat' dir='ltr'>ramis,</span> 
     </span>
     <span class='ocr_line' id='line_1_15' title="bbox 327 1806 968 1884; baseline 0.005 -21"><span class='ocrx_word' id='word_1_60' title='bbox 327 1807 522 1882; x_wconf 84' lang='lat' dir='ltr'>stratumque</span> <span class='ocrx_word' id='word_1_61' title='bbox 544 1806 635 1866; x_wconf 92' lang='lat' dir='ltr'>melli</span> <span class='ocrx_word' id='word_1_62' title='bbox 656 1807 690 1865; x_wconf 93' lang='lat' dir='ltr'>in</span> <span class='ocrx_word' id='word_1_63' title='bbox 710 1807 850 1884; x_wconf 83' lang='lat' dir='ltr'>gramine</span> <span class='ocrx_word' id='word_1_64' title='bbox 872 1807 968 1868; x_wconf 83' lang='lat' dir='ltr'>rivuli</span> 
     </span>
     <span class='ocr_line' id='line_1_16' title="bbox 329 1905 950 1982; baseline 0.008 -21"><span class='ocrx_word' id='word_1_65' title='bbox 329 1905 451 1979; x_wconf 80' lang='lat' dir='ltr'>captare</span> <span class='ocrx_word' id='word_1_66' title='bbox 472 1923 626 1980; x_wconf 84' lang='lat' dir='ltr'>murmur,</span> <span class='ocrx_word' id='word_1_67' title='bbox 651 1905 706 1982; x_wconf 89' lang='lat' dir='ltr'>qui</span> <span class='ocrx_word' id='word_1_68' title='bbox 725 1906 950 1966; x_wconf 85' lang='lat' dir='ltr'>meditantibus</span> 
     </span>
     <span class='ocr_line' id='line_1_17' title="bbox 366 2001 863 2079; baseline 0.004 -17"><span class='ocrx_word' id='word_1_69' title='bbox 366 2001 501 2062; x_wconf 77' lang='lat' dir='ltr'>oblectet</span> <span class='ocrx_word' id='word_1_70' title='bbox 522 2022 621 2079; x_wconf 84' lang='lat' dir='ltr'>aures,</span> <span class='ocrx_word' id='word_1_71' title='bbox 643 2023 701 2063; x_wconf 87' lang='lat' dir='ltr'>nee</span> <span class='ocrx_word' id='word_1_72' title='bbox 722 2003 863 2064; x_wconf 88' lang='lat' dir='ltr'>tumultu</span> 
     </span>
     <span class='ocr_line' id='line_1_18' title="bbox 409 2100 857 2180; baseline 0.007 -20"><span class='ocrx_word' id='word_1_73' title='bbox 409 2100 557 2161; x_wconf 79' lang='lat' dir='ltr'>sollicitet</span> <span class='ocrx_word' id='word_1_74' title='bbox 577 2102 721 2179; x_wconf 87' lang='lat' dir='ltr'>graviore</span> <span class='ocrx_word' id='word_1_75' title='bbox 741 2105 857 2180; x_wconf 84' lang='lat' dir='ltr'>peetus.</span> 
     </span>
    </p>
   </div>
   <div class='ocr_carea' id='block_1_4' title="bbox 1078 2196 1173 2232">
    <p class='ocr_par' dir='ltr' id='par_1_4' title="bbox 1078 2196 1173 2232">
     <span class='ocr_line' id='line_1_19' title="bbox 1078 2196 1173 2232; baseline 0.021 -2"><span class='ocrx_word' id='word_1_76' title='bbox 1078 2198 1098 2230; x_wconf 78' lang='lat' dir='ltr'>J.</span> <span class='ocrx_word' id='word_1_77' title='bbox 1110 2197 1135 2231; x_wconf 76' lang='lat' dir='ltr'>A.</span> <span class='ocrx_word' id='word_1_78' title='bbox 1147 2196 1173 2232; x_wconf 71' lang='lat' dir='ltr'>G·</span> 
     </span>
    </p>
   </div>
   <div class='ocr_carea' id='block_1_5' title="bbox 246 2343 1193 3679">
    <p class='ocr_par' dir='ltr' id='par_1_5' title="bbox 246 2343 1193 3679">
     <span class='ocr_line' id='line_1_20' title="bbox 687 2343 723 2383; baseline -0.028 0"><span class='ocrx_word' id='word_1_79' title='bbox 687 2343 723 2383; x_wconf 81' lang='lat' dir='ltr'>xi</span> 
     </span>
     <span class='ocr_line' id='line_1_21' title="bbox 247 2421 1147 2500; baseline 0 -19"><span class='ocrx_word' id='word_1_80' title='bbox 247 2421 403 2498; x_wconf 85' lang='lat' dir='ltr'>Stirpibus</span> <span class='ocrx_word' id='word_1_81' title='bbox 423 2440 442 2481; x_wconf 85' lang='lat' dir='ltr'>a</span> <span class='ocrx_word' id='word_1_82' title='bbox 463 2421 604 2498; x_wconf 80' lang='lat' dir='ltr'>pulchris</span> <span class='ocrx_word' id='word_1_83' title='bbox 624 2421 756 2499; x_wconf 77' lang='lat' dir='ltr'>pulchra</span> <span class='ocrx_word' id='word_1_84' title='bbox 776 2425 824 2481; x_wconf 87' lang='lat' dir='ltr'>est</span> <span class='ocrx_word' id='word_1_85' title='bbox 845 2423 981 2500; x_wconf 85' lang='lat' dir='ltr'>optanda</span> <span class='ocrx_word' id='word_1_86' title='bbox 1001 2441 1147 2500; x_wconf 84' lang='lat' dir='ltr'>propago,</span> 
     </span>
     <span class='ocr_line' id='line_1_22' title="bbox 286 2519 980 2597; baseline 0.006 -19"><span class='ocrx_word' id='word_1_87' title='bbox 286 2522 322 2578; x_wconf 94' lang='lat' dir='ltr'>ut</span> <span class='ocrx_word' id='word_1_88' title='bbox 343 2539 468 2580; x_wconf 86' lang='lat' dir='ltr'>roseum</span> <span class='ocrx_word' id='word_1_89' title='bbox 488 2519 588 2596; x_wconf 88' lang='lat' dir='ltr'>possit</span> <span class='ocrx_word' id='word_1_90' title='bbox 608 2522 690 2580; x_wconf 85' lang='lat' dir='ltr'>stare</span> <span class='ocrx_word' id='word_1_91' title='bbox 710 2540 846 2597; x_wconf 86' lang='lat' dir='ltr'>perenne</span> <span class='ocrx_word' id='word_1_92' title='bbox 869 2521 980 2596; x_wconf 79' lang='lat' dir='ltr'>deeus3</span> 
     </span>
     <span class='ocr_line' id='line_1_23' title="bbox 247 2618 953 2695; baseline 0.006 -19"><span class='ocrx_word' id='word_1_93' title='bbox 247 2620 286 2693; x_wconf 86' lang='lat' dir='ltr'>et,</span> <span class='ocrx_word' id='word_1_94' title='bbox 310 2618 454 2695; x_wconf 89' lang='lat' dir='ltr'>quotiens</span> <span class='ocrx_word' id='word_1_95' title='bbox 475 2621 543 2678; x_wconf 85' lang='lat' dir='ltr'>aete</span> <span class='ocrx_word' id='word_1_96' title='bbox 563 2621 670 2695; x_wconf 84' lang='lat' dir='ltr'>pereat</span> <span class='ocrx_word' id='word_1_97' title='bbox 690 2620 845 2679; x_wconf 88' lang='lat' dir='ltr'>maturior</span> <span class='ocrx_word' id='word_1_98' title='bbox 866 2640 953 2693; x_wconf 89' lang='lat' dir='ltr'>aevo,</span> 
     </span>
     <span class='ocr_line' id='line_1_24' title="bbox 286 2717 1040 2794; baseline 0.003 -18"><span class='ocrx_word' id='word_1_99' title='bbox 286 2718 320 2777; x_wconf 93' lang='lat' dir='ltr'>in</span> <span class='ocrx_word' id='word_1_100' title='bbox 341 2721 484 2778; x_wconf 86' lang='lat' dir='ltr'>tenerum</span> <span class='ocrx_word' id='word_1_101' title='bbox 504 2717 651 2777; x_wconf 90' lang='lat' dir='ltr'>heredem</span> <span class='ocrx_word' id='word_1_102' title='bbox 672 2718 774 2777; x_wconf 90' lang='lat' dir='ltr'>forma</span> <span class='ocrx_word' id='word_1_103' title='bbox 794 2720 923 2794; x_wconf 88' lang='lat' dir='ltr'>paterna</span> <span class='ocrx_word' id='word_1_104' title='bbox 943 2719 1040 2779; x_wconf 84' lang='lat' dir='ltr'>eadat.</span> 
     </span>
     <span class='ocr_line' id='line_1_25' title="bbox 246 2815 935 2892; baseline 0.004 -19"><span class='ocrx_word' id='word_1_105' title='bbox 246 2818 281 2874; x_wconf 92' lang='lat' dir='ltr'>tu</span> <span class='ocrx_word' id='word_1_106' title='bbox 302 2816 352 2876; x_wconf 82' lang='lat' dir='ltr'>vis</span> <span class='ocrx_word' id='word_1_107' title='bbox 372 2815 437 2892; x_wconf 85' lang='lat' dir='ltr'>ipse</span> <span class='ocrx_word' id='word_1_108' title='bbox 458 2818 514 2876; x_wconf 87' lang='lat' dir='ltr'>tue</span> <span class='ocrx_word' id='word_1_109' title='bbox 535 2817 660 2876; x_wconf 88' lang='lat' dir='ltr'>tantum</span> <span class='ocrx_word' id='word_1_110' title='bbox 681 2816 814 2876; x_wconf 84' lang='lat' dir='ltr'>devotus</span> <span class='ocrx_word' id='word_1_111' title='bbox 834 2816 935 2876; x_wconf 85' lang='lat' dir='ltr'>amori</span> 
     </span>
     <span class='ocr_line' id='line_1_26' title="bbox 286 2913 919 2991; baseline 0.002 -17"><span class='ocrx_word' id='word_1_112' title='bbox 286 2913 400 2988; x_wconf 80' lang='lat' dir='ltr'>vivere,</span> <span class='ocrx_word' id='word_1_113' title='bbox 424 2915 461 2974; x_wconf 89' lang='lat' dir='ltr'>tu</span> <span class='ocrx_word' id='word_1_114' title='bbox 481 2913 619 2973; x_wconf 87' lang='lat' dir='ltr'>flammis</span> <span class='ocrx_word' id='word_1_115' title='bbox 638 2914 740 2973; x_wconf 89' lang='lat' dir='ltr'>ureris</span> <span class='ocrx_word' id='word_1_116' title='bbox 760 2915 826 2991; x_wconf 87' lang='lat' dir='ltr'>ipse</span> <span class='ocrx_word' id='word_1_117' title='bbox 846 2914 919 2975; x_wconf 91' lang='lat' dir='ltr'>tuis.</span> 
     </span>
     <span class='ocr_line' id='line_1_27' title="bbox 246 3012 1006 3089; baseline 0.003 -18"><span class='ocrx_word' id='word_1_118' title='bbox 246 3013 371 3089; x_wconf 88' lang='lat' dir='ltr'>quantis</span> <span class='ocrx_word' id='word_1_119' title='bbox 390 3031 429 3071; x_wconf 90' lang='lat' dir='ltr'>ex</span> <span class='ocrx_word' id='word_1_120' title='bbox 451 3012 561 3089; x_wconf 90' lang='lat' dir='ltr'>opibus</span> <span class='ocrx_word' id='word_1_121' title='bbox 581 3012 713 3088; x_wconf 88' lang='lat' dir='ltr'>penuria</span> <span class='ocrx_word' id='word_1_122' title='bbox 734 3015 851 3089; x_wconf 85' lang='lat' dir='ltr'>quanta</span> <span class='ocrx_word' id='word_1_123' title='bbox 870 3015 1006 3089; x_wconf 89' lang='lat' dir='ltr'>paratur,</span> 
     </span>
     <span class='ocr_line' id='line_1_28' title="bbox 286 3109 865 3187; baseline 0 -17"><span class='ocrx_word' id='word_1_124' title='bbox 286 3131 304 3170; x_wconf 94' lang='lat' dir='ltr'>e</span> <span class='ocrx_word' id='word_1_125' title='bbox 325 3113 356 3170; x_wconf 84' lang='lat' dir='ltr'>te</span> <span class='ocrx_word' id='word_1_126' title='bbox 378 3110 434 3187; x_wconf 88' lang='lat' dir='ltr'>qui</span> <span class='ocrx_word' id='word_1_127' title='bbox 453 3111 581 3185; x_wconf 81' lang='lat' dir='ltr'>laceras,</span> <span class='ocrx_word' id='word_1_128' title='bbox 603 3131 621 3169; x_wconf 93' lang='lat' dir='ltr'>o</span> <span class='ocrx_word' id='word_1_129' title='bbox 642 3109 768 3169; x_wconf 82' lang='lat' dir='ltr'>inimice</span> <span class='ocrx_word' id='word_1_130' title='bbox 789 3111 865 3171; x_wconf 89' lang='lat' dir='ltr'>tibil</span> 
     </span>
     <span class='ocr_line' id='line_1_29' title="bbox 246 3208 978 3286; baseline 0.004 -19"><span class='ocrx_word' id='word_1_131' title='bbox 246 3211 289 3283; x_wconf 84' lang='lat' dir='ltr'>tu,</span> <span class='ocrx_word' id='word_1_132' title='bbox 313 3229 395 3270; x_wconf 81' lang='lat' dir='ltr'>nera</span> <span class='ocrx_word' id='word_1_133' title='bbox 415 3209 513 3269; x_wconf 87' lang='lat' dir='ltr'>totius</span> <span class='ocrx_word' id='word_1_134' title='bbox 535 3209 599 3268; x_wconf 89' lang='lat' dir='ltr'>iam</span> <span class='ocrx_word' id='word_1_135' title='bbox 619 3208 674 3268; x_wconf 88' lang='lat' dir='ltr'>lux</span> <span class='ocrx_word' id='word_1_136' title='bbox 695 3211 728 3268; x_wconf 91' lang='lat' dir='ltr'>et</span> <span class='ocrx_word' id='word_1_137' title='bbox 749 3208 848 3286; x_wconf 86' lang='lat' dir='ltr'>gloria</span> <span class='ocrx_word' id='word_1_138' title='bbox 868 3212 978 3285; x_wconf 80' lang='lat' dir='ltr'>terrae,</span> 
     </span>
     <span class='ocr_line' id='line_1_30' title="bbox 285 3307 827 3384; baseline -0.004 -16"><span class='ocrx_word' id='word_1_139' title='bbox 285 3307 370 3368; x_wconf 84' lang='lat' dir='ltr'>veris</span> <span class='ocrx_word' id='word_1_140' title='bbox 389 3307 517 3367; x_wconf 85' lang='lat' dir='ltr'>venturi</span> <span class='ocrx_word' id='word_1_141' title='bbox 537 3308 649 3366; x_wconf 89' lang='lat' dir='ltr'>nuntia</span> <span class='ocrx_word' id='word_1_142' title='bbox 669 3308 827 3384; x_wconf 83' lang='lat' dir='ltr'>purpurei,</span> 
     </span>
     <span class='ocr_line' id='line_1_31' title="bbox 246 3404 1193 3484; baseline 0.003 -20"><span class='ocrx_word' id='word_1_143' title='bbox 246 3404 335 3465; x_wconf 86' lang='lat' dir='ltr'>visne</span> <span class='ocrx_word' id='word_1_144' title='bbox 355 3407 445 3465; x_wconf 90' lang='lat' dir='ltr'>tuam</span> <span class='ocrx_word' id='word_1_145' title='bbox 466 3405 500 3463; x_wconf 93' lang='lat' dir='ltr'>in</span> <span class='ocrx_word' id='word_1_146' title='bbox 520 3405 621 3465; x_wconf 85' lang='lat' dir='ltr'>sterili</span> <span class='ocrx_word' id='word_1_147' title='bbox 641 3425 729 3482; x_wconf 84' lang='lat' dir='ltr'>spem</span> <span class='ocrx_word' id='word_1_148' title='bbox 750 3406 871 3465; x_wconf 82' lang='lat' dir='ltr'>fruetus</span> <span class='ocrx_word' id='word_1_149' title='bbox 892 3407 1023 3467; x_wconf 84' lang='lat' dir='ltr'>condere</span> <span class='ocrx_word' id='word_1_150' title='bbox 1044 3410 1193 3484; x_wconf 81' lang='lat' dir='ltr'>gemma?</span> 
     </span>
     <span class='ocr_line' id='line_1_32' title="bbox 285 3503 1091 3582; baseline 0.004 -19"><span class='ocrx_word' id='word_1_151' title='bbox 285 3503 423 3582; x_wconf 86' lang='lat' dir='ltr'>prodige,</span> <span class='ocrx_word' id='word_1_152' title='bbox 449 3505 526 3564; x_wconf 90' lang='lat' dir='ltr'>dum</span> <span class='ocrx_word' id='word_1_153' title='bbox 546 3504 666 3581; x_wconf 82' lang='lat' dir='ltr'>parcis;</span> <span class='ocrx_word' id='word_1_154' title='bbox 694 3523 793 3580; x_wconf 83' lang='lat' dir='ltr'>parce,</span> <span class='ocrx_word' id='word_1_155' title='bbox 817 3505 943 3581; x_wconf 86' lang='lat' dir='ltr'>profuse</span> <span class='ocrx_word' id='word_1_156' title='bbox 963 3507 1091 3566; x_wconf 79' lang='lat' dir='ltr'>tamen!</span> 
     </span>
     <span class='ocr_line' id='line_1_33' title="bbox 247 3602 1170 3679; baseline 0.002 -19"><span class='ocrx_word' id='word_1_157' title='bbox 247 3605 302 3661; x_wconf 87' lang='lat' dir='ltr'>aut</span> <span class='ocrx_word' id='word_1_158' title='bbox 321 3602 440 3679; x_wconf 90' lang='lat' dir='ltr'>patriae</span> <span class='ocrx_word' id='word_1_159' title='bbox 461 3603 616 3677; x_wconf 85' lang='lat' dir='ltr'>miserere,</span> <span class='ocrx_word' id='word_1_160' title='bbox 641 3605 703 3678; x_wconf 83' lang='lat' dir='ltr'>aut,</span> <span class='ocrx_word' id='word_1_161' title='bbox 728 3603 805 3662; x_wconf 90' lang='lat' dir='ltr'>dum</span> <span class='ocrx_word' id='word_1_162' title='bbox 826 3602 908 3663; x_wconf 91' lang='lat' dir='ltr'>male</span> <span class='ocrx_word' id='word_1_163' title='bbox 929 3603 1037 3663; x_wconf 85' lang='lat' dir='ltr'>eondis</span> <span class='ocrx_word' id='word_1_164' title='bbox 1057 3622 1170 3663; x_wconf 87' lang='lat' dir='ltr'>avarus</span> 
     </span>
    </p>
   </div>
   <div class='ocr_carea' id='block_1_6' title="bbox 287 3700 1168 3848">
    <p class='ocr_par' dir='ltr' id='par_1_6' title="bbox 287 3700 1168 3848">
     <span class='ocr_line' id='line_1_34' title="bbox 287 3700 984 3778; baseline 0.003 -19"><span class='ocrx_word' id='word_1_165' title='bbox 287 3702 370 3777; x_wconf 88' lang='lat' dir='ltr'>qued</span> <span class='ocrx_word' id='word_1_166' title='bbox 392 3700 511 3778; x_wconf 84' lang='lat' dir='ltr'>patriae</span> <span class='ocrx_word' id='word_1_167' title='bbox 533 3701 632 3775; x_wconf 74' lang='lat' dir='ltr'>debes</span> <span class='ocrx_word' id='word_1_168' title='bbox 657 3700 704 3760; x_wconf 85' lang='lat' dir='ltr'>fae</span> <span class='ocrx_word' id='word_1_169' title='bbox 726 3700 867 3761; x_wconf 88' lang='lat' dir='ltr'>Libitina</span> <span class='ocrx_word' id='word_1_170' title='bbox 887 3704 984 3762; x_wconf 84' lang='lat' dir='ltr'>voret.</span> 
     </span>
     <span class='ocr_line' id='line_1_35' title="bbox 1070 3811 1168 3848; baseline -0.041 0"><span class='ocrx_word' id='word_1_171' title='bbox 1070 3812 1095 3848; x_wconf 74' lang='lat' dir='ltr'>A.</span> <span class='ocrx_word' id='word_1_172' title='bbox 1108 3811 1128 3847; x_wconf 85' lang='grc' dir='ltr'>Τ.</span> <span class='ocrx_word' id='word_1_173' title='bbox 1146 3812 1168 3845; x_wconf 86' lang='lat' dir='ltr'>B.</span> 
     </span>
    </p>
   </div>
   <div class='ocr_carea' id='block_1_7' title="bbox 288 3879 318 3936">
    <p class='ocr_par' dir='ltr' id='par_1_7' title="bbox 288 3879 318 3936">
     <span class='ocr_line' id='line_1_36' title="bbox 288 3879 318 3936; baseline 0 -28"><span class='ocrx_word' id='word_1_174' title='bbox 288 3879 318 3936; x_wconf 67' lang='lat'>2*</span> 
     </span>
    </p>
   </div>
   <div class='ocr_carea' id='block_1_8' title="bbox 0 0 1514 4478">
    <p class='ocr_par' dir='ltr' id='par_1_8' title="bbox 0 0 1514 4478">
     <span class='ocr_line' id='line_1_37' title="bbox 0 0 1514 4478; baseline 0 0"><span class='ocrx_word' id='word_1_175' title='bbox 0 0 1514 4478; x_wconf 95' lang='lat' dir='ltr'> </span> 
     </span>
    </p>
   </div>
  </div>
 </body>
</html>
