3050 4476
611 332 827 383 OXONIENSIS

662 586 782 627 LXXXVI

263 683 345 758 Quid
366 682 394 742 si
414 683 523 743 nullus
543 683 645 743 Am0r
666 682 789 743 decorat
808 682 868 743 tibi
887 681 1001 743 flebilis
1020 701 1132 743 urnam

302 801 359 840 nec
380 781 532 841 simulant
553 781 662 842 vultus
681 800 837 841 marmora
857 781 933 842 trita
953 784 1032 856 tuos,

263 877 370 937 invida
389 896 447 937 nec
467 877 551 937 iusto
573 878 668 937 donat
689 876 829 938 Libitina
849 877 952 952 cubih‘,

302 978 422 1036 mussat
443 979 474 1035 et
495 976 534 1036 ad
555 975 685 1036 bustum
705 976 838 1053 praefica
857 977 946 1036 nulla
966 977 1083 1036 tuum?

258 1076 290 1133 at
311 1073 371 1134 tibi
390 1073 450 1133 sub
470 1073 572 1134 multo
593 1077 758 1151 consurget
778 1074 854 1134 flore
875 1075 1062 1151 sepulcrum,

302 1175 334 1232 et
355 1171 467 1233 leviter
486 1172 581 1233 viridi
602 1173 736 1249 caespite
757 1175 839 1233 terra
860 1177 981 1249 premet
992 1193 1000 1260 ξ

262 1275 294 1331 at
315 1271 371 1330 lux
391 1273 461 1331 orta
482 1271 568 1331 dabit
588 1271 732 1332 lacrimas
753 1270 953 1347 quae'prima
973 1272 1120 1345 recentes,

304 1372 447 1447 sertaque
469 1369 626 1430 florebunt
648 1370 737 1430 nulla
756 1369 859 1448 priora
878 1369 964 1445 tuis;

263 1470 296 1528 at
316 1468 457 1545 Dryades
477 1468 571 1528 niveo
592 1470 754 1529 nectentes
773 1467 900 1528 brachia
921 1472 1009 1528 coetu

305 1567 476 1627 defendent
497 1566 595 1626 cineri
615 1587 688 1626 rura
709 1569 826 1627 sacrata
846 1568 912 1627 tuo.

259 1668 354 1725 'tanta
374 1665 464 1742 quies
483 1666 566 1742 sopit
586 1665 713 1726 tacitam
734 1665 886 1742 cippoque
906 1668 1064 1724 carentem

304 1783 401 1840 quam
422 1764 513 1824 decor
533 1767 666 1839 ornarat,
691 1764 797 1841 gloria,
821 1783 946 1839 nomen,
971 1783 1053 1839 opes,

265 1865 401 1939 quantus
422 1881 512 1922 amor
531 1861 641 1938 fuerat,
664 1881 758 1939 quam
778 1861 827 1921 nil
846 1861 907 1921 tibi
927 1864 1022 1923 restat
1042 1861 1217 1921 honorum!

304 1980 362 2021 nec
383 1961 478 2021 refert
499 1961 632 2021 tulerint
653 1980 732 2037 quae
752 1960 828 2037 loca,
851 1960 946 2037 quive
966 1979 1078 2038 parens
1089 1981 1097 2034 ;

267 2059 371 2135 pulvis
392 2078 425 2118 es
446 2058 586 2135 exiguus,
606 2062 746 2136 superest
766 2058 849 2118 nihil
868 2058 1024 2136 amplius:
1045 2060 1130 2118 esto:

309 2177 367 2217 nec
388 2176 477 2234 reges
497 2156 582 2234 ipsos
602 2176 688 2217 mors
708 2157 791 2218 sinet
812 2177 879 2218 esse
899 2157 962 2218 diu.

1082 2267 1104 2302 Τ.
1118 2268 1145 2303 Η.
1159 2265 1192 2301 W.

661 2510 796 2552 LXXXVII

401 2606 533 2687 Σμινθέα
557 2607 788 2690 φαυσίμβροτον
802 2605 904 2690 ἄρχετ’
925 2604 1027 2686 ίμνην,

400 2714 530 2794 χρυοιᾶν
552 2711 647 2795 αὐγᾶν
668 2707 702 2778 ὃς
726 2709 866 2792 ἆθίρματ’
889 2707 962 2772 Ater

405 2812 574 2896 σνμβᾶλων
595 2815 735 2896 λάμτρον
756 2812 836 2895 φάος
858 2811 1031 2878 ὀπποίτεσοι

663 2916 785 3002 κακχέει
806 2916 906 2984 αίιτας·

404 3018 472 3086 ὦπα
493 3027 557 3104 γῶν
579 3023 644 3087 θεία
667 3022 797 3086 κλέεται.
842 3018 910 3103 φέρ’
932 3018 1027 3103 ὕμνον

404 3123 489 3205 ἄξιον
512 3126 620 3212 Φοίβῳ
642 3126 824 3206 μελίσωμεν,
845 3125 879 3191 ὅς
900 3150 934 3189 τε

407 3227 498 3307 ἱζάνει
521 3228 637 3311 θρόνοις
658 3228 879 3310 ἀδαμαντίνοις,
895 3229 919 3292 ί-

664 3331 713 3413 rite
735 3330 844 3410 Ποίαν,

404 3433 571 3518 φαρμάκων
593 3440 717 3501 Μοισᾶν
739 3463 773 3502 τε
795 3435 901 3501 ἄνακτι
921 3439 1034 3502 πασᾶν.

407 3544 465 3622 πῦρ
489 3541 522 3602 δὲ
545 3539 625 3618 δηῦτ’
647 3538 768 3621 ἀέρρετε
789 3545 896 3621 βῶμον
917 3538 1003 3621 ἀμφί·

408 3639 514 3719 δήσατ’
537 3638 560 3704 ὦ
582 3640 729 3723 δάφναισι
752 3642 856 3724 λύραν,
877 3643 984 3725 μίτραν
1005 3667 1038 3709 τε

385 3806 388 3814 .
493 3744 618 3827 πέρθετε
639 3746 731 3831 χαίτμ

312 3861 341 3906 10
