3028 4468
637 307 853 355 OXONIENSIS

715 890 774 931 CXL

284 986 415 1060 Quando
436 987 503 1060 orit,
528 1007 545 1046 o
567 987 676 1062 fontes,
701 1007 775 1047 oura
796 987 952 1047 resolutus
973 990 1008 1046 ut
1029 989 1116 1047 omni

323 1085 358 1143 in
379 1085 493 1145 vostris
513 1085 632 1161 possim
654 1106 778 1145 cornero
799 1088 916 1145 memet
938 1086 1051 1162 aquis?

283 1203 301 1242 o
322 1203 377 1244 rus
396 1186 428 1243 ot
449 1184 554 1258 silvas,
579 1184 770 1245 laetissimus
790 1185 894 1245 incola
914 1187 1034 1245 vestros

323 1283 447 1358 quando
468 1283 528 1341 orit
548 1286 584 1342 ut
604 1285 735 1358 teneam,
760 1283 890 1343 frondea
911 1283 1017 1357 lustra,
1043 1284 1157 1343 sinus?

282 1379 335 1439 illa
356 1380 526 1456 voluptatis
547 1381 618 1441 fons
639 1384 687 1441 ost
709 1401 835 1442 merus:
866 1381 969 1442 omnis
990 1382 1024 1440 in
1044 1381 1099 1440 illo

323 1479 417 1554 copia,
442 1479 596 1557 signantis
617 1500 712 1557 quam
733 1500 846 1540 manus
867 1481 935 1557 ipsa
956 1481 1077 1556 probat.

283 1576 424 1654 quisquis
440 1578 476 1636 in
497 1578 548 1637 his
568 1577 686 1638 fastum
706 1579 757 1638 val
778 1578 889 1654 Campi
910 1579 1031 1655 quaerit
1052 1579 1194 1655 honores,

322 1677 485 1736 transtulit
506 1677 568 1738 huo
589 1677 659 1737 aliis
679 1678 774 1737 verba
794 1678 927 1754 potanda
949 1677 1032 1737 locis.

280 1774 332 1833 hio
353 1775 412 1835 soli
433 1795 572 1852 sparsere
592 1777 736 1836 nocentia
756 1796 921 1836 murmura
941 1777 1035 1850 venti,

321 1873 447 1950 solaque
468 1875 635 1934 blanditias
655 1896 717 1935 vox
739 1875 897 1953 geminata
918 1878 1016 1935 sonat.

279 1972 338 2031 hoo
358 1973 471 2050 superi,
494 1974 640 2049 quotiens
660 1975 743 2034 oaolo
764 1993 920 2032 excessero
941 1972 1059 2047 relicto,

321 2073 468 2148 optarunt
489 2091 589 2131 unum
611 2092 733 2149 camare
754 2092 877 2148 sempor
897 2073 965 2132 iter.

280 2169 356 2246 quin
376 2169 478 2229 ausim
499 2170 620 2245 dixisse,
646 2191 746 2248 nequo
767 2174 814 2231 est
835 2171 948 2231 dixisse
970 2171 1145 2248 profanum,

320 2268 461 2345 quisquis
483 2268 550 2328 adis
571 2289 707 2345 superos,
731 2270 789 2329 hao
810 2269 883 2329 licet
903 2270 949 2329 iro
970 2269 1030 2329 via.

279 2385 389 2444 meque
410 2367 514 2440 velim,
539 2387 679 2444 quaeque
700 2387 763 2427 una
784 2368 865 2427 mihi
887 2368 1046 2428 carissima
1066 2368 1153 2439 vivit,

319 2484 410 2540 posse
431 2465 491 2524 sub
511 2465 570 2524 hao
590 2466 667 2524 olim
687 2466 885 2526 consenuisse
907 2466 1008 2540 domo,

279 2562 503 2639 conplexosquo
524 2563 623 2624 mori:
651 2565 806 2623 comitum
826 2584 882 2640 par
903 2565 957 2624 illa
980 2565 1118 2622 catervae

319 2663 445 2738 solaque
467 2662 597 2721 dose1tis
617 2665 665 2722 est
686 2662 768 2722 mihi
789 2663 881 2722 turba
901 2662 985 2721 locis.

277 2759 332 2818 illa
353 2760 431 2820 forat
450 2761 549 2836 nobis,
572 2760 627 2821 illa
647 2761 739 2820 unica
759 2781 852 2821 eausa
872 2760 1025 2834 timorem,

318 2879 357 2918 na
377 2862 504 2935 pateant
524 2860 648 2920 venaris
670 2859 782 2937 gaudia
803 2861 892 2918 tanta
912 2879 1007 2933 meaa,

278 2977 355 3018 novo
376 2959 489 3017 cohors
510 2959 614 3019 veniat
635 2979 693 3019 nos
713 2958 847 3017 ominata
867 2957 1015 3031 virorum,

317 3056 373 3116 fiat
393 3059 426 3115 et
445 3057 479 3115 in
500 3057 603 3117 modio
624 3058 688 3116 iam
711 3057 797 3117 locus
818 3057 904 3115 urbis
925 3076 1009 3132 agro.

572 3162 576 3169 '
1144 3168 1166 3201 R.
1180 3167 1202 3200 Ε.
