<?xml version="1.0" encoding="UTF-8"?>
<!DOCTYPE html PUBLIC "-//W3C//DTD XHTML 1.0 Transitional//EN"
    "http://www.w3.org/TR/xhtml1/DTD/xhtml1-transitional.dtd">
<html xmlns="http://www.w3.org/1999/xhtml" xml:lang="en" lang="en">
 <head>
  <title>
</title>
<meta http-equiv="Content-Type" content="text/html;charset=utf-8" />
  <meta name='ocr-system' content='tesseract 3.04.00' />
  <meta name='ocr-capabilities' content='ocr_page ocr_carea ocr_par ocr_line ocrx_word'/>
</head>
<body>
  <div class='ocr_page' id='page_1' title='image "./novaanthologiao02godlgoog_0100.png"; bbox 0 0 3050 4476; ppageno 0'>
   <div class='ocr_carea' id='block_1_1' title="bbox 624 349 839 399">
    <p class='ocr_par' dir='ltr' id='par_1_1' title="bbox 624 349 839 399">
     <span class='ocr_line' id='line_1_1' title="bbox 624 349 839 399; baseline 0 -1"><span class='ocrx_word' id='word_1_1' title='bbox 624 349 839 399; x_wconf 85' lang='lat' dir='ltr'>OXONIENSIS</span> 
     </span>
    </p>
   </div>
   <div class='ocr_carea' id='block_1_2' title="bbox 679 639 783 681">
    <p class='ocr_par' dir='ltr' id='par_1_2' title="bbox 679 639 783 681">
     <span class='ocr_line' id='line_1_2' title="bbox 679 639 783 681; baseline -0.01 -1"><span class='ocrx_word' id='word_1_2' title='bbox 679 639 783 681; x_wconf 84' lang='lat' dir='ltr'>XLVIII</span> 
     </span>
    </p>
   </div>
   <div class='ocr_carea' id='block_1_3' title="bbox 294 748 1177 3844">
    <p class='ocr_par' dir='ltr' id='par_1_3' title="bbox 295 748 1107 937">
     <span class='ocr_line' id='line_1_3' title="bbox 295 748 1107 832; baseline 0.005 -21"><span class='ocrx_word' id='word_1_3' title='bbox 295 755 327 811; x_wconf 93' lang='grc' dir='ltr'>Γ.</span> <span class='ocrx_word' id='word_1_4' title='bbox 354 748 400 812; x_wconf 87' lang='grc' dir='ltr'>Ὢ</span> <span class='ocrx_word' id='word_1_5' title='bbox 421 749 496 832; x_wconf 86' lang='grc' dir='ltr'>πρὸς</span> <span class='ocrx_word' id='word_1_6' title='bbox 518 750 550 813; x_wconf 90' lang='grc' dir='ltr'>τί</span> <span class='ocrx_word' id='word_1_7' title='bbox 568 750 671 832; x_wconf 80' lang='grc' dir='ltr'>χρείας</span> <span class='ocrx_word' id='word_1_8' title='bbox 692 757 753 815; x_wconf 83' lang='grc' dir='ltr'>τῶν</span> <span class='ocrx_word' id='word_1_9' title='bbox 773 750 874 832; x_wconf 88' lang='grc' dir='ltr'>λόγων</span> <span class='ocrx_word' id='word_1_10' title='bbox 897 754 1048 831; x_wconf 84' lang='grc' dir='ltr'>φειδωλὸς</span> <span class='ocrx_word' id='word_1_11' title='bbox 1070 751 1107 830; x_wconf 83' lang='grc' dir='ltr'>εί,</span> 
     </span>
     <span class='ocr_line' id='line_1_4' title="bbox 359 853 1045 937; baseline 0.006 -21"><span class='ocrx_word' id='word_1_12' title='bbox 359 854 457 936; x_wconf 84' lang='grc' dir='ltr'>χούτω</span> <span class='ocrx_word' id='word_1_13' title='bbox 481 854 600 937; x_wconf 73' lang='grc' dir='ltr'>σιωπᾷς</span> <span class='ocrx_word' id='word_1_14' title='bbox 623 853 734 919; x_wconf 75' lang='grc' dir='ltr'>κούκέτ’</span> <span class='ocrx_word' id='word_1_15' title='bbox 759 853 888 931; x_wconf 84' lang='grc' dir='ltr'>ἆσπάζει</span> <span class='ocrx_word' id='word_1_16' title='bbox 910 856 1045 935; x_wconf 83' lang='grc' dir='ltr'>φίλους,·</span> 
     </span>
    </p>

    <p class='ocr_par' dir='ltr' id='par_1_4' title="bbox 297 955 1099 1244">
     <span class='ocr_line' id='line_1_5' title="bbox 297 955 1085 1041; baseline 0.005 -23"><span class='ocrx_word' id='word_1_17' title='bbox 297 962 330 1018; x_wconf 89' lang='grc' dir='ltr'>Β.</span> <span class='ocrx_word' id='word_1_18' title='bbox 361 956 414 1020; x_wconf 80' lang='grc' dir='ltr'>οὐκ</span> <span class='ocrx_word' id='word_1_19' title='bbox 437 957 503 1020; x_wconf 81' lang='grc' dir='ltr'>ἐστὶ</span> <span class='ocrx_word' id='word_1_20' title='bbox 525 955 583 1039; x_wconf 86' lang='grc' dir='ltr'>γάρ</span> <span class='ocrx_word' id='word_1_21' title='bbox 604 981 656 1037; x_wconf 89' lang='grc' dir='ltr'>μοι</span> <span class='ocrx_word' id='word_1_22' title='bbox 677 955 794 1041; x_wconf 84' lang='grc' dir='ltr'>ῥήμαθ’,</span> <span class='ocrx_word' id='word_1_23' title='bbox 817 959 863 1023; x_wconf 83' lang='grc' dir='ltr'>οῖς</span> <span class='ocrx_word' id='word_1_24' title='bbox 885 959 1001 1038; x_wconf 83' lang='grc' dir='ltr'>χαίρειν</span> <span class='ocrx_word' id='word_1_25' title='bbox 1025 958 1085 1022; x_wconf 85' lang='grc' dir='ltr'>ἔδει</span> 
     </span>
     <span class='ocr_line' id='line_1_6' title="bbox 361 1058 1099 1142; baseline 0.005 -19"><span class='ocrx_word' id='word_1_26' title='bbox 361 1062 457 1123; x_wconf 79' lang='grc' dir='ltr'>εἰπεῖν</span> <span class='ocrx_word' id='word_1_27' title='bbox 479 1061 613 1141; x_wconf 91' lang='grc' dir='ltr'>φίλοισι,</span> <span class='ocrx_word' id='word_1_28' title='bbox 635 1067 785 1142; x_wconf 77' lang='grc' dir='ltr'>γλῶσσαν</span> <span class='ocrx_word' id='word_1_29' title='bbox 805 1061 840 1125; x_wconf 83' lang='grc' dir='ltr'>οὗ</span> <span class='ocrx_word' id='word_1_30' title='bbox 862 1065 908 1124; x_wconf 91' lang='grc' dir='ltr'>δεῖ</span> <span class='ocrx_word' id='word_1_31' title='bbox 930 1058 1099 1141; x_wconf 78' lang='grc' dir='ltr'>ξυλλαβεῖν</span> 
     </span>
     <span class='ocr_line' id='line_1_7' title="bbox 360 1161 1041 1244; baseline 0 -17"><span class='ocrx_word' id='word_1_32' title='bbox 360 1168 471 1244; x_wconf 92' lang='grc' dir='ltr'>φρενδς</span> <span class='ocrx_word' id='word_1_33' title='bbox 494 1162 645 1243; x_wconf 82' lang='grc' dir='ltr'>νοσούσης</span> <span class='ocrx_word' id='word_1_34' title='bbox 667 1164 746 1229; x_wconf 80' lang='grc' dir='ltr'>ὥστε</span> <span class='ocrx_word' id='word_1_35' title='bbox 770 1164 914 1244; x_wconf 89' lang='grc' dir='ltr'>κούφισαι</span> <span class='ocrx_word' id='word_1_36' title='bbox 936 1161 1041 1243; x_wconf 82' lang='grc' dir='ltr'>βάρος.</span> 
     </span>
    </p>

    <p class='ocr_par' dir='ltr' id='par_1_5' title="bbox 296 1266 1059 1353">
     <span class='ocr_line' id='line_1_8' title="bbox 296 1266 1059 1353; baseline 0.003 -26"><span class='ocrx_word' id='word_1_37' title='bbox 296 1271 329 1330; x_wconf 89' lang='grc' dir='ltr'>Γ.</span> <span class='ocrx_word' id='word_1_38' title='bbox 363 1267 395 1330; x_wconf 76' lang='grc' dir='ltr'>ἓν</span> <span class='ocrx_word' id='word_1_39' title='bbox 417 1268 458 1353; x_wconf 75' lang='grc' dir='ltr'>τῷ</span> <span class='ocrx_word' id='word_1_40' title='bbox 478 1266 636 1351; x_wconf 88' lang='grc' dir='ltr'>παραυτίχ’</span> <span class='ocrx_word' id='word_1_41' title='bbox 659 1268 699 1334; x_wconf 79' lang='grc' dir='ltr'>ὣς</span> <span class='ocrx_word' id='word_1_42' title='bbox 720 1268 805 1332; x_wconf 84' lang='grc' dir='ltr'>ἆπὼν</span> <span class='ocrx_word' id='word_1_43' title='bbox 828 1268 933 1347; x_wconf 80' lang='grc' dir='ltr'>ἀλγεῖς</span> <span class='ocrx_word' id='word_1_44' title='bbox 956 1269 1059 1348; x_wconf 89' lang='grc' dir='ltr'>μόνον.</span> 
     </span>
    </p>

    <p class='ocr_par' dir='ltr' id='par_1_6' title="bbox 294 1368 1061 1458">
     <span class='ocr_line' id='line_1_9' title="bbox 294 1368 1061 1458; baseline 0.001 -26"><span class='ocrx_word' id='word_1_45' title='bbox 294 1375 328 1431; x_wconf 91' lang='grc' dir='ltr'>Β.</span> <span class='ocrx_word' id='word_1_46' title='bbox 359 1371 392 1433; x_wconf 76' lang='grc' dir='ltr'>ἐν</span> <span class='ocrx_word' id='word_1_47' title='bbox 414 1373 454 1456; x_wconf 75' lang='grc' dir='ltr'>τῷ</span> <span class='ocrx_word' id='word_1_48' title='bbox 474 1371 629 1452; x_wconf 89' lang='grc' dir='ltr'>παραυτίκ’</span> <span class='ocrx_word' id='word_1_49' title='bbox 652 1369 756 1452; x_wconf 86' lang='grc' dir='ltr'>άλγος,</span> <span class='ocrx_word' id='word_1_50' title='bbox 778 1368 816 1450; x_wconf 80' lang='grc' dir='ltr'>ἢν</span> <span class='ocrx_word' id='word_1_51' title='bbox 837 1369 917 1454; x_wconf 86' lang='grc' dir='ltr'>χαρά</span> <span class='ocrx_word' id='word_1_52' title='bbox 938 1370 967 1452; x_wconf 86' lang='grc' dir='ltr'>γ’</span> <span class='ocrx_word' id='word_1_53' title='bbox 989 1371 1061 1458; x_wconf 78' lang='grc' dir='ltr'>ἀπῇ.</span> 
     </span>
    </p>

    <p class='ocr_par' dir='ltr' id='par_1_7' title="bbox 294 1472 1035 1559">
     <span class='ocr_line' id='line_1_10' title="bbox 294 1472 1035 1559; baseline 0 -24"><span class='ocrx_word' id='word_1_54' title='bbox 294 1479 325 1537; x_wconf 93' lang='grc' dir='ltr'>Γ.</span> <span class='ocrx_word' id='word_1_55' title='bbox 360 1474 430 1537; x_wconf 82' lang='grc' dir='ltr'>ἀλλ’</span> <span class='ocrx_word' id='word_1_56' title='bbox 453 1472 488 1554; x_wconf 77' lang='grc' dir='ltr'>ἒξ</span> <span class='ocrx_word' id='word_1_57' title='bbox 510 1475 561 1552; x_wconf 80' lang='grc' dir='ltr'>ἔτη</span> <span class='ocrx_word' id='word_1_58' title='bbox 585 1501 636 1538; x_wconf 93' lang='grc' dir='ltr'>σοι</span> <span class='ocrx_word' id='word_1_59' title='bbox 658 1474 715 1539; x_wconf 83' lang='grc' dir='ltr'>σὺν</span> <span class='ocrx_word' id='word_1_60' title='bbox 736 1475 826 1559; x_wconf 90' lang='grc' dir='ltr'>τάχει</span> <span class='ocrx_word' id='word_1_61' title='bbox 848 1474 1035 1556; x_wconf 82' lang='grc' dir='ltr'>παροίχεται.</span> 
     </span>
    </p>

    <p class='ocr_par' dir='ltr' id='par_1_8' title="bbox 296 1577 1084 1662">
     <span class='ocr_line' id='line_1_11' title="bbox 296 1577 1084 1662; baseline 0.004 -23"><span class='ocrx_word' id='word_1_62' title='bbox 296 1583 328 1641; x_wconf 84' lang='grc' dir='ltr'>Β.</span> <span class='ocrx_word' id='word_1_63' title='bbox 360 1577 498 1662; x_wconf 89' lang='grc' dir='ltr'>χαίροντί</span> <span class='ocrx_word' id='word_1_64' title='bbox 518 1577 557 1660; x_wconf 89' lang='grc' dir='ltr'>γ’·</span> <span class='ocrx_word' id='word_1_65' title='bbox 588 1577 682 1661; x_wconf 87' lang='grc' dir='ltr'>άλγος</span> <span class='ocrx_word' id='word_1_66' title='bbox 705 1577 730 1642; x_wconf 90' lang='grc' dir='ltr'>δ’</span> <span class='ocrx_word' id='word_1_67' title='bbox 754 1577 791 1658; x_wconf 79' lang='grc' dir='ltr'>ἐξ</span> <span class='ocrx_word' id='word_1_68' title='bbox 811 1583 877 1644; x_wconf 82' lang='grc' dir='ltr'>ἑνὸς</span> <span class='ocrx_word' id='word_1_69' title='bbox 901 1582 983 1642; x_wconf 89' lang='grc' dir='ltr'>ποιεῖ</span> <span class='ocrx_word' id='word_1_70' title='bbox 1003 1577 1084 1642; x_wconf 88' lang='grc' dir='ltr'>δέκα.</span> 
     </span>
    </p>

    <p class='ocr_par' dir='ltr' id='par_1_9' title="bbox 295 1681 940 1767">
     <span class='ocr_line' id='line_1_12' title="bbox 295 1681 940 1767; baseline 0.005 -24"><span class='ocrx_word' id='word_1_71' title='bbox 295 1687 326 1743; x_wconf 93' lang='grc' dir='ltr'>Γ.</span> <span class='ocrx_word' id='word_1_72' title='bbox 362 1683 558 1764; x_wconf 82' lang='grc' dir='ltr'>ὁδοιπορῆσαι</span> <span class='ocrx_word' id='word_1_73' title='bbox 580 1681 715 1766; x_wconf 72' lang='grc' dir='ltr'>τέρψεως</span> <span class='ocrx_word' id='word_1_74' title='bbox 737 1683 828 1767; x_wconf 82' lang='grc' dir='ltr'>χάριν</span> <span class='ocrx_word' id='word_1_75' title='bbox 849 1682 940 1746; x_wconf 88' lang='grc' dir='ltr'>δόκει.</span> 
     </span>
    </p>

    <p class='ocr_par' dir='ltr' id='par_1_10' title="bbox 295 1784 1085 1973">
     <span class='ocr_line' id='line_1_13' title="bbox 295 1784 1085 1866; baseline 0.004 -20"><span class='ocrx_word' id='word_1_76' title='bbox 295 1790 328 1848; x_wconf 95' lang='grc' dir='ltr'>Β.</span> <span class='ocrx_word' id='word_1_77' title='bbox 360 1785 446 1850; x_wconf 75' lang='grc' dir='ltr'>οὐδὲν</span> <span class='ocrx_word' id='word_1_78' title='bbox 468 1790 504 1848; x_wconf 88' lang='grc' dir='ltr'>τδ</span> <span class='ocrx_word' id='word_1_79' title='bbox 526 1784 610 1865; x_wconf 81' lang='grc' dir='ltr'>δόξαι</span> <span class='ocrx_word' id='word_1_80' title='bbox 633 1790 720 1850; x_wconf 78' lang='grc' dir='ltr'>τούτο</span> <span class='ocrx_word' id='word_1_81' title='bbox 743 1787 826 1866; x_wconf 77' lang='grc' dir='ltr'>πλὴν</span> <span class='ocrx_word' id='word_1_82' title='bbox 847 1787 966 1851; x_wconf 85' lang='grc' dir='ltr'>στένειν</span> <span class='ocrx_word' id='word_1_83' title='bbox 989 1787 1085 1865; x_wconf 76' lang='grc' dir='ltr'>φέρει,</span> 
     </span>
     <span class='ocr_line' id='line_1_14' title="bbox 360 1888 1062 1973; baseline -0.001 -20"><span class='ocrx_word' id='word_1_84' title='bbox 360 1888 399 1956; x_wconf 82' lang='grc' dir='ltr'>ὡς</span> <span class='ocrx_word' id='word_1_85' title='bbox 422 1890 543 1970; x_wconf 87' lang='grc' dir='ltr'>είσομαί</span> <span class='ocrx_word' id='word_1_86' title='bbox 562 1916 598 1972; x_wconf 89' lang='grc' dir='ltr'>γε</span> <span class='ocrx_word' id='word_1_87' title='bbox 620 1890 694 1971; x_wconf 83' lang='grc' dir='ltr'>πρὸς</span> <span class='ocrx_word' id='word_1_88' title='bbox 715 1892 790 1971; x_wconf 84' lang='grc' dir='ltr'>βίον</span> <span class='ocrx_word' id='word_1_89' title='bbox 812 1890 934 1973; x_wconf 83' lang='grc' dir='ltr'>φεύγων</span> <span class='ocrx_word' id='word_1_90' title='bbox 956 1890 1062 1973; x_wconf 89' lang='grc' dir='ltr'>χθόνα.</span> 
     </span>
    </p>

    <p class='ocr_par' dir='ltr' id='par_1_11' title="bbox 295 1991 1046 2283">
     <span class='ocr_line' id='line_1_15' title="bbox 295 1991 1046 2078; baseline 0.001 -24"><span class='ocrx_word' id='word_1_91' title='bbox 295 1997 327 2057; x_wconf 89' lang='grc' dir='ltr'>Γ.</span> <span class='ocrx_word' id='word_1_92' title='bbox 359 1991 414 2072; x_wconf 81' lang='grc' dir='ltr'>τήν</span> <span class='ocrx_word' id='word_1_93' title='bbox 435 2018 482 2057; x_wconf 93' lang='grc' dir='ltr'>τοι</span> <span class='ocrx_word' id='word_1_94' title='bbox 504 1994 600 2059; x_wconf 90' lang='grc' dir='ltr'>πάλιν</span> <span class='ocrx_word' id='word_1_95' title='bbox 622 1992 767 2074; x_wconf 89' lang='grc' dir='ltr'>καλλίον’,</span> <span class='ocrx_word' id='word_1_96' title='bbox 791 1996 818 2059; x_wconf 88' lang='grc' dir='ltr'>εί</span> <span class='ocrx_word' id='word_1_97' title='bbox 837 1995 958 2074; x_wconf 84' lang='grc' dir='ltr'>κάμνεις</span> <span class='ocrx_word' id='word_1_98' title='bbox 980 1993 1046 2078; x_wconf 78' lang='grc' dir='ltr'>ὁδῷ,</span> 
     </span>
     <span class='ocr_line' id='line_1_16' title="bbox 358 2094 911 2185; baseline 0.005 -26"><span class='ocrx_word' id='word_1_99' title='bbox 358 2094 436 2175; x_wconf 80' lang='grc' dir='ltr'>ἔξεις</span> <span class='ocrx_word' id='word_1_100' title='bbox 457 2097 591 2178; x_wconf 85' lang='grc' dir='ltr'>πορείαν·</span> <span class='ocrx_word' id='word_1_101' title='bbox 621 2098 659 2163; x_wconf 84' lang='grc' dir='ltr'>ὡς</span> <span class='ocrx_word' id='word_1_102' title='bbox 682 2099 747 2185; x_wconf 82' lang='grc' dir='ltr'>ἔχει</span> <span class='ocrx_word' id='word_1_103' title='bbox 770 2097 808 2162; x_wconf 83' lang='grc' dir='ltr'>τὰ</span> <span class='ocrx_word' id='word_1_104' title='bbox 829 2100 911 2177; x_wconf 87' lang='grc' dir='ltr'>τίμια</span> 
     </span>
     <span class='ocr_line' id='line_1_17' title="bbox 360 2200 1024 2283; baseline 0.008 -20"><span class='ocrx_word' id='word_1_105' title='bbox 360 2205 420 2265; x_wconf 79' lang='grc' dir='ltr'>τοῖν</span> <span class='ocrx_word' id='word_1_106' title='bbox 440 2200 482 2280; x_wconf 74' lang='grc' dir='ltr'>μὴ</span> <span class='ocrx_word' id='word_1_107' title='bbox 505 2201 681 2282; x_wconf 87' lang='grc' dir='ltr'>πρεπόντων</span> <span class='ocrx_word' id='word_1_108' title='bbox 704 2202 819 2283; x_wconf 86' lang='grc' dir='ltr'>κόσμον</span> <span class='ocrx_word' id='word_1_109' title='bbox 841 2202 878 2280; x_wconf 77' lang='grc' dir='ltr'>ἐξ</span> <span class='ocrx_word' id='word_1_110' title='bbox 898 2203 1024 2282; x_wconf 88' lang='grc' dir='ltr'>ὁμιλίας.</span> 
     </span>
    </p>

    <p class='ocr_par' dir='ltr' id='par_1_12' title="bbox 294 2303 1126 3009">
     <span class='ocr_line' id='line_1_18' title="bbox 294 2303 1016 2389; baseline 0.008 -24"><span class='ocrx_word' id='word_1_111' title='bbox 294 2309 328 2365; x_wconf 91' lang='grc' dir='ltr'>Β.</span> <span class='ocrx_word' id='word_1_112' title='bbox 360 2304 418 2389; x_wconf 77' lang='grc' dir='ltr'>ὁπῇ</span> <span class='ocrx_word' id='word_1_113' title='bbox 439 2306 496 2383; x_wconf 68' lang='grc' dir='ltr'>μὲν</span> <span class='ocrx_word' id='word_1_114' title='bbox 518 2303 571 2368; x_wconf 78' lang='grc' dir='ltr'>οὖν</span> <span class='ocrx_word' id='word_1_115' title='bbox 593 2305 651 2386; x_wconf 84' lang='grc' dir='ltr'>εἶμ’</span> <span class='ocrx_word' id='word_1_116' title='bbox 674 2308 707 2370; x_wconf 78' lang='grc' dir='ltr'>ἐν</span> <span class='ocrx_word' id='word_1_117' title='bbox 728 2307 832 2372; x_wconf 89' lang='grc' dir='ltr'>πόνοις</span> <span class='ocrx_word' id='word_1_118' title='bbox 854 2307 1016 2386; x_wconf 82' lang='grc' dir='ltr'>ἀλώμενος,</span> 
     </span>
     <span class='ocr_line' id='line_1_19' title="bbox 359 2406 1038 2491; baseline 0.003 -22"><span class='ocrx_word' id='word_1_119' title='bbox 359 2407 458 2488; x_wconf 86' lang='grc' dir='ltr'>μνήμη</span> <span class='ocrx_word' id='word_1_120' title='bbox 482 2406 623 2486; x_wconf 78' lang='grc' dir='ltr'>ξυνίσται</span> <span class='ocrx_word' id='word_1_121' title='bbox 645 2413 764 2489; x_wconf 78' lang='grc' dir='ltr'>μᾶλλον</span> <span class='ocrx_word' id='word_1_122' title='bbox 787 2410 827 2476; x_wconf 81' lang='grc' dir='ltr'>ὣς</span> <span class='ocrx_word' id='word_1_123' title='bbox 848 2410 937 2491; x_wconf 89' lang='grc' dir='ltr'>γαίας</span> <span class='ocrx_word' id='word_1_124' title='bbox 960 2409 1038 2472; x_wconf 82' lang='grc' dir='ltr'>πολὺ</span> 
     </span>
     <span class='ocr_line' id='line_1_20' title="bbox 358 2510 1035 2595; baseline 0.004 -22"><span class='ocrx_word' id='word_1_125' title='bbox 358 2512 452 2592; x_wconf 83' lang='grc' dir='ltr'>μῆκός</span> <span class='ocrx_word' id='word_1_126' title='bbox 472 2511 503 2592; x_wconf 85' lang='grc' dir='ltr'>μ’</span> <span class='ocrx_word' id='word_1_127' title='bbox 527 2513 662 2595; x_wconf 82' lang='grc' dir='ltr'>ἀπείργει</span> <span class='ocrx_word' id='word_1_128' title='bbox 685 2519 744 2576; x_wconf 81' lang='grc' dir='ltr'>τῶν</span> <span class='ocrx_word' id='word_1_129' title='bbox 767 2510 831 2593; x_wconf 77' lang='grc' dir='ltr'>ἐμοὶ</span> <span class='ocrx_word' id='word_1_130' title='bbox 852 2512 1035 2593; x_wconf 81' lang='grc' dir='ltr'>τιμωμένων.</span> 
     </span>
     <span class='ocr_line' id='line_1_21' title="bbox 359 2615 1008 2704; baseline 0.002 -26"><span class='ocrx_word' id='word_1_131' title='bbox 359 2615 465 2694; x_wconf 84' lang='grc' dir='ltr'>δεῖμ’,</span> <span class='ocrx_word' id='word_1_132' title='bbox 488 2615 528 2682; x_wconf 80' lang='grc' dir='ltr'>ὡς</span> <span class='ocrx_word' id='word_1_133' title='bbox 551 2617 639 2696; x_wconf 80' lang='grc' dir='ltr'>ἔοικε,</span> <span class='ocrx_word' id='word_1_134' title='bbox 661 2619 733 2704; x_wconf 78' lang='grc' dir='ltr'>τῇδε</span> <span class='ocrx_word' id='word_1_135' title='bbox 756 2616 925 2682; x_wconf 88' lang='grc' dir='ltr'>δουλεύονθ</span> <span class='ocrx_word' id='word_1_136' title='bbox 949 2617 1008 2701; x_wconf 76' lang='grc' dir='ltr'>ὁδῷ</span> 
     </span>
     <span class='ocr_line' id='line_1_22' title="bbox 360 2719 1126 2801; baseline 0.001 -18"><span class='ocrx_word' id='word_1_137' title='bbox 360 2722 459 2801; x_wconf 88' lang='grc' dir='ltr'>πόρρω</span> <span class='ocrx_word' id='word_1_138' title='bbox 483 2724 657 2786; x_wconf 82' lang='grc' dir='ltr'>πλανᾶσθαι</span> <span class='ocrx_word' id='word_1_139' title='bbox 680 2724 828 2801; x_wconf 82' lang='grc' dir='ltr'>πατρίδος·</span> <span class='ocrx_word' id='word_1_140' title='bbox 860 2720 916 2784; x_wconf 87' lang='grc' dir='ltr'>εἶθ’</span> <span class='ocrx_word' id='word_1_141' title='bbox 939 2721 1011 2783; x_wconf 87' lang='grc' dir='ltr'>ὅταν</span> <span class='ocrx_word' id='word_1_142' title='bbox 1033 2719 1126 2784; x_wconf 90' lang='grc' dir='ltr'>πάλιν</span> 
     </span>
     <span class='ocr_line' id='line_1_23' title="bbox 360 2821 992 2907; baseline 0 -21"><span class='ocrx_word' id='word_1_143' title='bbox 360 2821 568 2907; x_wconf 77' lang='grc' dir='ltr'>ἐλευθερωθεὶς</span> <span class='ocrx_word' id='word_1_144' title='bbox 592 2826 685 2891; x_wconf 83' lang='grc' dir='ltr'>ἆστδς</span> <span class='ocrx_word' id='word_1_145' title='bbox 707 2827 750 2891; x_wconf 86' lang='grc' dir='ltr'>είς</span> <span class='ocrx_word' id='word_1_146' title='bbox 774 2823 883 2890; x_wconf 77' lang='grc' dir='ltr'>ἀστοὺς</span> <span class='ocrx_word' id='word_1_147' title='bbox 904 2829 992 2902; x_wconf 84' lang='grc' dir='ltr'>τελῶ,</span> 
     </span>
     <span class='ocr_line' id='line_1_24' title="bbox 359 2926 1019 3009; baseline 0 -20"><span class='ocrx_word' id='word_1_148' title='bbox 359 2927 457 3005; x_wconf 84' lang='grc' dir='ltr'>λύπης</span> <span class='ocrx_word' id='word_1_149' title='bbox 478 2928 599 3007; x_wconf 78' lang='grc' dir='ltr'>βιώσας</span> <span class='ocrx_word' id='word_1_150' title='bbox 621 2927 795 3009; x_wconf 83' lang='grc' dir='ltr'>προστάτου</span> <span class='ocrx_word' id='word_1_151' title='bbox 816 2926 1019 3009; x_wconf 74' lang='grc' dir='ltr'>γεγράφομαι.</span> 
     </span>
    </p>

    <p class='ocr_par' dir='ltr' id='par_1_13' title="bbox 294 3030 1177 3844">
     <span class='ocr_line' id='line_1_25' title="bbox 294 3030 1073 3116; baseline 0.005 -24"><span class='ocrx_word' id='word_1_152' title='bbox 294 3036 327 3092; x_wconf 86' lang='grc' dir='ltr'>Γ.</span> <span class='ocrx_word' id='word_1_153' title='bbox 358 3031 411 3095; x_wconf 84' lang='grc' dir='ltr'>οὐκ</span> <span class='ocrx_word' id='word_1_154' title='bbox 434 3031 500 3095; x_wconf 80' lang='grc' dir='ltr'>ἔσθ’</span> <span class='ocrx_word' id='word_1_155' title='bbox 522 3032 572 3097; x_wconf 84' lang='grc' dir='ltr'>ὑπ’</span> <span class='ocrx_word' id='word_1_156' title='bbox 596 3033 701 3115; x_wconf 80' lang='grc' dir='ltr'>αὐγαῖς</span> <span class='ocrx_word' id='word_1_157' title='bbox 722 3031 811 3111; x_wconf 81' lang='grc' dir='ltr'>ἡλίου</span> <span class='ocrx_word' id='word_1_158' title='bbox 833 3037 938 3116; x_wconf 79' lang='grc' dir='ltr'>χῶρος,</span> <span class='ocrx_word' id='word_1_159' title='bbox 959 3030 1073 3109; x_wconf 84' lang='grc' dir='ltr'>τέκνον,</span> 
     </span>
     <span class='ocr_line' id='line_1_26' title="bbox 360 3134 1096 3220; baseline 0.005 -22"><span class='ocrx_word' id='word_1_160' title='bbox 360 3136 394 3198; x_wconf 85' lang='grc' dir='ltr'>οὗ</span> <span class='ocrx_word' id='word_1_161' title='bbox 415 3142 479 3202; x_wconf 90' lang='grc' dir='ltr'>τοῖς</span> <span class='ocrx_word' id='word_1_162' title='bbox 502 3141 612 3218; x_wconf 85' lang='grc' dir='ltr'>σοφοῖς</span> <span class='ocrx_word' id='word_1_163' title='bbox 632 3163 668 3220; x_wconf 93' lang='grc' dir='ltr'>γε</span> <span class='ocrx_word' id='word_1_164' title='bbox 690 3135 732 3218; x_wconf 80' lang='grc' dir='ltr'>μή</span> <span class='ocrx_word' id='word_1_165' title='bbox 751 3134 830 3201; x_wconf 90' lang='grc' dir='ltr'>’στιν</span> <span class='ocrx_word' id='word_1_166' title='bbox 852 3137 973 3220; x_wconf 84' lang='grc' dir='ltr'>εὔορμος</span> <span class='ocrx_word' id='word_1_167' title='bbox 995 3135 1096 3218; x_wconf 83' lang='grc' dir='ltr'>λιμήν.</span> 
     </span>
     <span class='ocr_line' id='line_1_27' title="bbox 359 3234 1032 3322; baseline 0.001 -21"><span class='ocrx_word' id='word_1_168' title='bbox 359 3234 439 3301; x_wconf 77' lang='grc' dir='ltr'>ταῦτ’</span> <span class='ocrx_word' id='word_1_169' title='bbox 461 3237 498 3318; x_wconf 78' lang='grc' dir='ltr'>ἐξ</span> <span class='ocrx_word' id='word_1_170' title='bbox 518 3237 650 3322; x_wconf 81' lang='grc' dir='ltr'>δνάγκης</span> <span class='ocrx_word' id='word_1_171' title='bbox 672 3238 907 3321; x_wconf 77' lang='grc' dir='ltr'>ξυλλογίζεσθαι</span> <span class='ocrx_word' id='word_1_172' title='bbox 927 3239 1032 3319; x_wconf 80' lang='grc' dir='ltr'>μαθὼν</span> 
     </span>
     <span class='ocr_line' id='line_1_28' title="bbox 360 3340 1177 3429; baseline 0.001 -24"><span class='ocrx_word' id='word_1_173' title='bbox 360 3341 469 3424; x_wconf 79' lang='grc' dir='ltr'>στέργ’·</span> <span class='ocrx_word' id='word_1_174' title='bbox 499 3342 539 3409; x_wconf 79' lang='grc' dir='ltr'>ὣς</span> <span class='ocrx_word' id='word_1_175' title='bbox 561 3340 676 3429; x_wconf 79' lang='grc' dir='ltr'>ἀνάγκη</span> <span class='ocrx_word' id='word_1_176' title='bbox 699 3341 797 3407; x_wconf 87' lang='grc' dir='ltr'>πάντα</span> <span class='ocrx_word' id='word_1_177' title='bbox 819 3347 936 3408; x_wconf 79' lang='grc' dir='ltr'>νικᾶται</span> <span class='ocrx_word' id='word_1_178' title='bbox 959 3342 1060 3425; x_wconf 80' lang='grc' dir='ltr'>κράτη·</span> <span class='ocrx_word' id='word_1_179' title='bbox 1174 3344 1177 3349; x_wconf 45' lang='lat'><em>⁴</em></span> 
     </span>
     <span class='ocr_line' id='line_1_29' title="bbox 363 3444 1031 3528; baseline 0.006 -20"><span class='ocrx_word' id='word_1_180' title='bbox 363 3447 438 3528; x_wconf 81' lang='grc' dir='ltr'>κούχ</span> <span class='ocrx_word' id='word_1_181' title='bbox 460 3446 500 3513; x_wconf 82' lang='grc' dir='ltr'>ὧς</span> <span class='ocrx_word' id='word_1_182' title='bbox 521 3444 650 3514; x_wconf 80' lang='grc' dir='ltr'>ἄνακτος</span> <span class='ocrx_word' id='word_1_183' title='bbox 671 3447 810 3513; x_wconf 67' lang='grc' dir='ltr'>ἐκπεσὼν</span> <span class='ocrx_word' id='word_1_184' title='bbox 832 3449 952 3516; x_wconf 88' lang='grc' dir='ltr'>πόλεως</span> <span class='ocrx_word' id='word_1_185' title='bbox 973 3450 1031 3513; x_wconf 90' lang='grc' dir='ltr'>ύπο</span> 
     </span>
     <span class='ocr_line' id='line_1_30' title="bbox 357 3548 1044 3634; baseline 0.003 -21"><span class='ocrx_word' id='word_1_186' title='bbox 357 3548 471 3614; x_wconf 81' lang='grc' dir='ltr'>ἄνακτα</span> <span class='ocrx_word' id='word_1_187' title='bbox 492 3550 518 3614; x_wconf 86' lang='grc' dir='ltr'>δ’</span> <span class='ocrx_word' id='word_1_188' title='bbox 540 3551 629 3618; x_wconf 82' lang='grc' dir='ltr'>αὐτὸς</span> <span class='ocrx_word' id='word_1_189' title='bbox 652 3550 691 3617; x_wconf 76' lang='grc' dir='ltr'>ὥς</span> <span class='ocrx_word' id='word_1_190' title='bbox 712 3550 905 3632; x_wconf 80' lang='grc' dir='ltr'>μεταστήσας</span> <span class='ocrx_word' id='word_1_191' title='bbox 927 3553 1044 3634; x_wconf 81' lang='grc' dir='ltr'>φρόνει·</span> 
     </span>
     <span class='ocr_line' id='line_1_31' title="bbox 358 3652 995 3740; baseline 0.005 -24"><span class='ocrx_word' id='word_1_192' title='bbox 358 3653 456 3732; x_wconf 85' lang='grc' dir='ltr'>λύπης</span> <span class='ocrx_word' id='word_1_193' title='bbox 478 3653 536 3738; x_wconf 82' lang='grc' dir='ltr'>γάρ</span> <span class='ocrx_word' id='word_1_194' title='bbox 558 3652 604 3719; x_wconf 81' lang='grc' dir='ltr'>δεῖ</span> <span class='ocrx_word' id='word_1_195' title='bbox 625 3660 729 3739; x_wconf 87' lang='grc' dir='ltr'>χεῖρον</span> <span class='ocrx_word' id='word_1_196' title='bbox 751 3659 797 3723; x_wconf 84' lang='grc' dir='ltr'>οῖς</span> <span class='ocrx_word' id='word_1_197' title='bbox 820 3655 995 3740; x_wconf 76' lang='grc' dir='ltr'>ἐντυγχάνει</span> 
     </span>
     <span class='ocr_line' id='line_1_32' title="bbox 360 3757 921 3844; baseline 0.004 -22"><span class='ocrx_word' id='word_1_198' title='bbox 360 3758 470 3844; x_wconf 75' lang='grc' dir='ltr'>δθυμίρ</span> <span class='ocrx_word' id='word_1_199' title='bbox 492 3757 640 3841; x_wconf 80' lang='grc' dir='ltr'>φέρουσιν</span> <span class='ocrx_word' id='word_1_200' title='bbox 662 3760 794 3842; x_wconf 76' lang='grc' dir='ltr'>ἔγκειται</span> <span class='ocrx_word' id='word_1_201' title='bbox 816 3757 921 3840; x_wconf 83' lang='grc' dir='ltr'>βάρος.</span> 
     </span>
    </p>
   </div>
   <div class='ocr_carea' id='block_1_4' title="bbox 0 0 1534 4476">
    <p class='ocr_par' dir='ltr' id='par_1_14' title="bbox 0 0 1534 4476">
     <span class='ocr_line' id='line_1_33' title="bbox 0 0 1534 4476; baseline 0 0"><span class='ocrx_word' id='word_1_202' title='bbox 0 0 1534 4476; x_wconf 95' lang='lat' dir='ltr'> </span> 
     </span>
    </p>
   </div>
  </div>
 </body>
</html>
