3050 4476
608 366 825 414 OXONIENSIS

690 754 759 796 x011

257 850 368 910 Mutua
389 870 467 926 quae
487 849 604 910 mentis
627 850 790 911 eoncordia
810 849 915 929 iungis
937 850 1060 925 amicas,

297 949 398 1008 rarius
418 948 481 1009 heu
501 949 595 1009 vivax
616 968 711 1025 quam
731 948 879 1009 simulata
898 948 985 1022 fides,

259 1066 354 1124 quam
373 1049 582 1107 venturarum
603 1046 684 1107 ridet
704 1046 866 1107 dulcedine
887 1047 1015 1123 frugum

298 1165 361 1222 quo
383 1145 469 1205 rudis
490 1147 522 1205 et
542 1145 676 1222 simplex
697 1144 773 1205 flere
795 1145 924 1206 iuvanda
944 1144 1042 1206 nitet!

259 1264 333 1303 mox
353 1246 460 1304 tamen
479 1244 616 1320 expertis
635 1243 730 1304 fletur
750 1243 935 1304 temerarius
955 1263 1044 1303 error

301 1341 425 1403 credula
445 1362 540 1420 quem
560 1342 696 1402 nimium
717 1362 788 1420 spes
807 1342 956 1403 iuvenilis
976 1345 1077 1401 amat:

260 1460 338 1517 quas
359 1441 560 1518 sperabamus
580 1440 692 1501 messis
712 1440 913 1500 lacrimamus
933 1440 1102 1516 ademptas,

301 1542 441 1615 tempore
462 1539 513 1600 vel
533 1559 627 1600 saevo
648 1559 721 1600 sum
741 1539 859 1617 periere
880 1540 960 1617 gelu.

261 1657 299 1697 ne
320 1638 390 1714 quis
410 1638 497 1697 enim
516 1658 647 1715 magnas
668 1639 767 1715 partis
788 1639 849 1699 sibi
869 1658 993 1698 sumere
1014 1636 1115 1710 amici,

302 1739 427 1795 sanetus
447 1738 480 1796 et
500 1735 624 1814 integro
645 1736 687 1796 sit
707 1736 771 1796 nisi
790 1737 889 1812 eorde,
913 1736 1007 1797 velit:

263 1854 301 1894 ne
321 1833 422 1911 fugiat
441 1836 595 1894 mortem:
617 1855 828 1912 quascumque
849 1836 957 1896 dooere
978 1854 1032 1911 per
1053 1833 1130 1894 artis

302 1932 401 2008 possit
422 1953 484 2009 quo
504 1933 607 1993 valeat
628 1934 738 1994 robore
759 1954 853 1994 verus
873 1953 970 1995 amor.

263 2030 325 2090 otia
346 2049 421 2090 nam
442 2031 521 2092 duro
541 2031 648 2092 forsan
669 2035 792 2092 mutare
813 2031 918 2092 labore

304 2129 412 2189 debeat
432 2132 464 2189 et
485 2130 612 2190 morbos
632 2130 874 2207 pauperiemque
895 2129 978 2206 pati:

263 2227 373 2303 partiri
393 2227 493 2305 possit
513 2227 636 2287 luctum
656 2227 793 2305 lugentis
813 2228 926 2288 amici:

303 2325 343 2384 ad
363 2325 510 2386 lacrimas
529 2326 688 2386 lacrimat:
717 2346 789 2386 eum
810 2325 908 2403 gemit
928 2325 990 2397 ille,
1012 2327 1125 2403 gemat.

263 2424 363 2484 fluxas
383 2424 552 2484 hominum
571 2425 673 2486 vires:
695 2424 836 2500 minime,
860 2444 932 2483 oum
952 2424 1090 2484 maxima
1109 2423 1220 2502 pessis,

306 2523 398 2582 rebus
418 2522 452 2582 in
472 2523 611 2583 adversis
630 2525 680 2582 est
700 2522 836 2583 valitura
856 2522 953 2582 fides:

264 2640 353 2680 araus
373 2623 406 2681 et
425 2623 461 2682 ut
481 2621 607 2698 fractus,
630 2622 751 2681 socium
772 2621 800 2680 si
819 2621 924 2681 luctus
945 2620 1038 2680 amisi

306 2720 434 2795 quaerit,
459 2721 616 2796 speratam
633 2719 712 2780 ferm
734 2720 856 2779 recusat
877 2738 977 2795 opem.

1090 2829 1115 2863 A·
1127 2829 1152 2864 Ι).
1166 2830 1191 2862 G.

686 3372 769 3414 XCIII

410 3469 498 3545 Divo,
522 3489 616 3546 quem
637 3469 720 3546 pisto
741 3490 928 3532 veneramur
947 3490 1029 3545 areu,

409 3568 498 3629 mille
519 3568 570 3630 eui
589 3569 711 3646 fulgent
731 3569 821 3644 oculi,
845 3571 973 3631 tuamm

409 3667 498 3727 nulla
517 3687 582 3727 nen
602 3670 670 3728 toto
690 3668 778 3728 volat
798 3687 874 3730 aura
894 3669 977 3729 eaelo

491 3766 613 3827 conseia
632 3765 771 3827 laudum.
