3028 4468
622 316 838 365 OXONIENSIS

672 747 798 788 CXXXIII

354 841 416 901 Hie
437 842 577 903 clausum
598 842 716 904 eineres
735 845 845 904 tenent
864 844 1038 920 sepulchro,

353 940 420 999 veri
440 941 593 1018 quidquid
614 942 746 1002 habetve
766 942 867 1002 forma
888 943 958 1018 rari,

351 1037 458 1099 iunota
478 1039 677 1116 simplicitate
698 1039 877 1118 gratiarum.

352 1138 513 1213 phoenicis
532 1138 638 1215 rapuit
656 1138 765 1199 favilla
783 1139 883 1201 nidos.

352 1235 432 1296 illud
453 1236 586 1297 turturis
607 1236 732 1297 infidele
754 1257 929 1315 numquam

351 1337 460 1410 pestiis
479 1338 660 1413 perpetuam
681 1336 767 1397 fovet
787 1335 931 1413 quietem.

352 1433 380 1492 si
400 1438 472 1510 post
491 1434 602 1495 funera
622 1455 689 1495 non
709 1438 841 1495 manent
859 1439 995 1511 nepotes,

351 1532 543 1609 nequiquam
562 1534 685 1603 emeriti
704 1534 851 1594 feruntur
871 1537 974 1594 artus:

350 1633 424 1707 post
443 1632 577 1692 conubia
597 1633 722 1692 castitas
741 1632 896 1694 manebat.

351 1728 372 1803 i,
395 1749 506 1789 verum
527 1730 587 1790 tibi
606 1730 756 1807 gloriare:
785 1735 927 1793 nonest

353 1828 448 1888 iactet
468 1848 499 1888 se
520 1849 628 1904 venus,
653 1831 687 1888 at
706 1833 840 1890 venusta
861 1833 1013 1892 nonest:

350 1930 382 1986 et
402 1946 514 1988 verum
534 1930 566 1987 et
585 1948 686 1988 venus
706 1929 759 1988 hio
780 1929 877 1988 simul
897 1932 1094 2006 premuntur.

351 2045 425 2102 ergo
445 2046 560 2086 urnam
581 2027 749 2103 celebretis
774 2028 946 2104 ovenusti,

351 2142 406 2183 seu
427 2125 498 2201 quis
518 2125 601 2185 fidus
622 2146 751 2187 amans:
777 2129 809 2187 et
829 2126 979 2187 invooetis

350 2242 406 2300 per
425 2223 560 2299 suspiria
581 2224 716 2285 mortuis
735 2225 880 2302 quietem.

662 2651 782 2692 oxmv

229 2745 279 2806 Sia
299 2746 352 2822 ait,
375 2748 407 2807 et
428 2746 506 2806 solio
526 2747 618 2808 divus
638 2736 777 2825 fulgente
797 2746 932 2824 resurgit

228 2865 291 2921 qua
311 2845 415 2906 Patris
435 2846 475 2905 ad
496 2845 613 2905 summi
634 2845 717 2905 latus
738 2844 871 2919 assidet3
897 2845 984 2904 huno
1004 2844 1101 2905 simul
1122 2864 1215 2905 omne

228 2944 405 3014 concilium,
428 2944 540 3021 quibus
561 2944 597 3004 in
618 2962 746 3020 superos
766 2943 919 3018 permissa
938 2944 1084 3020 potestas,

228 3043 342 3119 quique
363 3038 446 3103 datis
466 3042 586 3118 pollent
605 3042 736 3119 sceptris
757 3039 945 3117 dominoque
964 3040 1156 3117 ministrant,

228 3140 386 3201 deducunt
407 3140 483 3200 caeli
504 3139 543 3200 ad
563 3140 670 3215 limen,
694 3143 793 3200 terrae
813 3140 896 3199 unde
916 3139 1052 3200 iacentes

227 3241 385 3315 apparent,
409 3238 531 3316 lateque
551 3241 638 3316 patet
657 3241 838 3316 prospeotus
858 3237 894 3297 in
915 3258 991 3298 oras.

227 3337 288 3397 huo
309 3357 408 3414 prono
428 3339 570 3398 actutum
591 3337 750 3397 deseendit
769 3336 895 3397 tramite
916 3356 1035 3397 numen

227 3436 404 3512 indioioque
425 3437 574 3495 horarum
593 3438 626 3496 et
647 3436 797 3513 temporis
818 3435 903 3495 ooiua
923 3437 1002 3495 aotu.

226 3534 373 3594 occiduus
392 3535 496 3595 medio
517 3534 565 3594 sol
585 3536 691 3612 lapsus
712 3535 751 3595 ab
771 3535 844 3595 orbs
865 3534 1000 3610 cadebat,

226 3633 454 3710 surgebantque
475 3634 560 3694 leves
580 3652 671 3694 aurae
693 3653 770 3712 quae
791 3637 931 3710 tempore
950 3634 1036 3693 iusso

227 3732 401 3793 mulcerent
421 3735 547 3808 terram,
571 3736 604 3792 et
624 3733 755 3793 ducebat
775 3733 890 3810 frigora
909 3751 1028 3808 vesper,

308 3829 352 3888 14*
