<?xml version="1.0" encoding="UTF-8"?>
<!DOCTYPE html PUBLIC "-//W3C//DTD XHTML 1.0 Transitional//EN"
    "http://www.w3.org/TR/xhtml1/DTD/xhtml1-transitional.dtd">
<html xmlns="http://www.w3.org/1999/xhtml" xml:lang="en" lang="en">
 <head>
  <title>
</title>
<meta http-equiv="Content-Type" content="text/html;charset=utf-8" />
  <meta name='ocr-system' content='tesseract 3.04.00' />
  <meta name='ocr-capabilities' content='ocr_page ocr_carea ocr_par ocr_line ocrx_word'/>
</head>
<body>
  <div class='ocr_page' id='page_1' title='image "./novaanthologiao02godlgoog_0182.png"; bbox 0 0 3050 4476; ppageno 0'>
   <div class='ocr_carea' id='block_1_1' title="bbox 611 337 825 385">
    <p class='ocr_par' dir='ltr' id='par_1_1' title="bbox 611 337 825 385">
     <span class='ocr_line' id='line_1_1' title="bbox 611 337 825 385; baseline 0 0"><span class='ocrx_word' id='word_1_1' title='bbox 611 337 825 385; x_wconf 80' lang='lat' dir='ltr'>OXONIENSIS</span> 
     </span>
    </p>
   </div>
   <div class='ocr_carea' id='block_1_2' title="bbox 679 851 757 896">
    <p class='ocr_par' dir='ltr' id='par_1_2' title="bbox 679 851 757 896">
     <span class='ocr_line' id='line_1_2' title="bbox 679 851 757 896; baseline 0.038 -4"><span class='ocrx_word' id='word_1_2' title='bbox 679 851 757 896; x_wconf 78' lang='lat' dir='ltr'><strong>xclx</strong></span> 
     </span>
    </p>
   </div>
   <div class='ocr_carea' id='block_1_3' title="bbox 307 947 1187 1416">
    <p class='ocr_par' dir='ltr' id='par_1_3' title="bbox 307 947 1187 1416">
     <span class='ocr_line' id='line_1_3' title="bbox 307 947 995 1032; baseline -0.004 -17"><span class='ocrx_word' id='word_1_3' title='bbox 307 954 405 1018; x_wconf 83' lang='grc' dir='ltr'>Πόλις</span> <span class='ocrx_word' id='word_1_4' title='bbox 426 951 483 1030; x_wconf 79' lang='grc' dir='ltr'>μὲν</span> <span class='ocrx_word' id='word_1_5' title='bbox 503 952 520 1012; x_wconf 86' lang='grc' dir='ltr'>ά</span> <span class='ocrx_word' id='word_1_6' title='bbox 540 949 618 1030; x_wconf 87' lang='grc' dir='ltr'>βίος,</span> <span class='ocrx_word' id='word_1_7' title='bbox 642 952 676 1015; x_wconf 83' lang='grc' dir='ltr'>έν</span> <span class='ocrx_word' id='word_1_8' title='bbox 698 949 723 1014; x_wconf 80' lang='grc' dir='ltr'>δ’</span> <span class='ocrx_word' id='word_1_9' title='bbox 746 947 907 1030; x_wconf 83' lang='grc' dir='ltr'>ἃμαξιτοὺς</span> <span class='ocrx_word' id='word_1_10' title='bbox 930 950 995 1032; x_wconf 84' lang='grc' dir='ltr'>ἔχει</span> 
     </span>
     <span class='ocr_line' id='line_1_4' title="bbox 307 1052 1073 1139; baseline -0.005 -20"><span class='ocrx_word' id='word_1_11' title='bbox 307 1054 431 1139; x_wconf 89' lang='grc' dir='ltr'>συχνάς·</span> <span class='ocrx_word' id='word_1_12' title='bbox 462 1055 589 1135; x_wconf 86' lang='grc' dir='ltr'>φέρουσι</span> <span class='ocrx_word' id='word_1_13' title='bbox 612 1053 638 1117; x_wconf 85' lang='grc' dir='ltr'>δ’</span> <span class='ocrx_word' id='word_1_14' title='bbox 661 1055 691 1118; x_wconf 83' lang='grc' dir='ltr'>ές</span> <span class='ocrx_word' id='word_1_15' title='bbox 715 1052 828 1135; x_wconf 82' lang='grc' dir='ltr'>ἀγορὰν</span> <span class='ocrx_word' id='word_1_16' title='bbox 850 1053 952 1132; x_wconf 79' lang='grc' dir='ltr'>καινὴν</span> <span class='ocrx_word' id='word_1_17' title='bbox 973 1055 1073 1134; x_wconf 89' lang='grc' dir='ltr'>μόρου.</span> 
     </span>
     <span class='ocr_line' id='line_1_5' title="bbox 307 1154 1082 1238; baseline -0.001 -15"><span class='ocrx_word' id='word_1_18' title='bbox 307 1160 334 1224; x_wconf 79' lang='grc' dir='ltr'>εί</span> <span class='ocrx_word' id='word_1_19' title='bbox 356 1158 381 1222; x_wconf 87' lang='grc' dir='ltr'>δ’</span> <span class='ocrx_word' id='word_1_20' title='bbox 397 1157 435 1237; x_wconf 81' lang='grc' dir='ltr'>ἦν</span> <span class='ocrx_word' id='word_1_21' title='bbox 455 1157 628 1238; x_wconf 78' lang='grc' dir='ltr'>πριαμένοις</span> <span class='ocrx_word' id='word_1_22' title='bbox 651 1162 716 1237; x_wconf 81' lang='grc' dir='ltr'>φῶς</span> <span class='ocrx_word' id='word_1_23' title='bbox 740 1158 823 1237; x_wconf 84' lang='grc' dir='ltr'>ὁρᾶν,</span> <span class='ocrx_word' id='word_1_24' title='bbox 847 1154 907 1221; x_wconf 66' lang='grc' dir='ltr'>οὔτ’</span> <span class='ocrx_word' id='word_1_25' title='bbox 930 1155 968 1220; x_wconf 82' lang='grc' dir='ltr'>ἂν</span> <span class='ocrx_word' id='word_1_26' title='bbox 990 1156 1082 1235; x_wconf 90' lang='grc' dir='ltr'>πένης</span> 
     </span>
     <span class='ocr_line' id='line_1_6' title="bbox 307 1259 1024 1348; baseline -0.001 -22"><span class='ocrx_word' id='word_1_27' title='bbox 307 1263 357 1342; x_wconf 83' lang='grc' dir='ltr'>ἔζη</span> <span class='ocrx_word' id='word_1_28' title='bbox 382 1261 446 1326; x_wconf 87' lang='grc' dir='ltr'>ποτ’</span> <span class='ocrx_word' id='word_1_29' title='bbox 469 1260 574 1342; x_wconf 84' lang='grc' dir='ltr'>οὐδείς,</span> <span class='ocrx_word' id='word_1_30' title='bbox 596 1259 655 1325; x_wconf 82' lang='grc' dir='ltr'>οὔτ’</span> <span class='ocrx_word' id='word_1_31' title='bbox 681 1260 805 1348; x_wconf 79' lang='grc' dir='ltr'>ἔθνῃσχ’</span> <span class='ocrx_word' id='word_1_32' title='bbox 829 1262 845 1323; x_wconf 85' lang='grc' dir='ltr'><em>ὃ</em></span> <span class='ocrx_word' id='word_1_33' title='bbox 867 1259 1024 1326; x_wconf 82' lang='grc' dir='ltr'>πλούσιος.</span> 
     </span>
     <span class='ocr_line' id='line_1_7' title="bbox 1126 1380 1187 1416; baseline 0 -2"><span class='ocrx_word' id='word_1_34' title='bbox 1126 1380 1187 1416; x_wconf 55' lang='lat' dir='ltr'>Est</span> 
     </span>
    </p>
   </div>
   <div class='ocr_carea' id='block_1_4' title="bbox 304 1792 1141 2905">
    <p class='ocr_par' dir='ltr' id='par_1_4' title="bbox 304 1792 1141 2905">
     <span class='ocr_line' id='line_1_8' title="bbox 709 1792 726 1833; baseline 0 0"><span class='ocrx_word' id='word_1_35' title='bbox 709 1792 726 1833; x_wconf 89' lang='lat' dir='ltr'><strong>c</strong></span> 
     </span>
     <span class='ocr_line' id='line_1_9' title="bbox 305 1883 1141 1967; baseline 0 -18"><span class='ocrx_word' id='word_1_36' title='bbox 305 1886 431 1950; x_wconf 80' lang='grc' dir='ltr'>Φαέθων</span> <span class='ocrx_word' id='word_1_37' title='bbox 454 1886 478 1951; x_wconf 86' lang='grc' dir='ltr'>δ’</span> <span class='ocrx_word' id='word_1_38' title='bbox 502 1884 548 1967; x_wconf 81' lang='grc' dir='ltr'>ἄρ’</span> <span class='ocrx_word' id='word_1_39' title='bbox 569 1885 666 1962; x_wconf 84' lang='grc' dir='ltr'>αὐτός,</span> <span class='ocrx_word' id='word_1_40' title='bbox 689 1891 742 1948; x_wconf 84' lang='grc' dir='ltr'>τοῦ</span> <span class='ocrx_word' id='word_1_41' title='bbox 763 1883 833 1967; x_wconf 81' lang='grc' dir='ltr'>πρὶν</span> <span class='ocrx_word' id='word_1_42' title='bbox 855 1889 982 1951; x_wconf 77' lang='grc' dir='ltr'>εἴδωλον</span> <span class='ocrx_word' id='word_1_43' title='bbox 1002 1888 1058 1967; x_wconf 72' lang='grc' dir='ltr'>μέν</span> <span class='ocrx_word' id='word_1_44' title='bbox 1080 1887 1141 1964; x_wconf 76' lang='grc' dir='ltr'>οὖν,</span> 
     </span>
     <span class='ocr_line' id='line_1_10' title="bbox 304 1988 898 2074; baseline 0.003 -20"><span class='ocrx_word' id='word_1_45' title='bbox 304 1989 411 2072; x_wconf 89' lang='grc' dir='ltr'>μέσοις</span> <span class='ocrx_word' id='word_1_46' title='bbox 433 1988 554 2069; x_wconf 83' lang='grc' dir='ltr'>δόναξιν</span> <span class='ocrx_word' id='word_1_47' title='bbox 577 1990 679 2072; x_wconf 81' lang='grc' dir='ltr'>εὑρέθη</span> <span class='ocrx_word' id='word_1_48' title='bbox 702 1989 898 2074; x_wconf 82' lang='grc' dir='ltr'>χαμαιπετής,</span> 
     </span>
     <span class='ocr_line' id='line_1_11' title="bbox 306 2093 882 2178; baseline -0.002 -20"><span class='ocrx_word' id='word_1_49' title='bbox 306 2095 367 2158; x_wconf 87' lang='grc' dir='ltr'>άνω</span> <span class='ocrx_word' id='word_1_50' title='bbox 392 2095 470 2157; x_wconf 85' lang='grc' dir='ltr'>κάτω</span> <span class='ocrx_word' id='word_1_51' title='bbox 493 2119 526 2158; x_wconf 91' lang='grc' dir='ltr'>τε</span> <span class='ocrx_word' id='word_1_52' title='bbox 548 2097 606 2159; x_wconf 83' lang='grc' dir='ltr'>πᾶς</span> <span class='ocrx_word' id='word_1_53' title='bbox 629 2095 769 2178; x_wconf 79' lang='grc' dir='ltr'>διανταίῳ</span> <span class='ocrx_word' id='word_1_54' title='bbox 792 2093 882 2173; x_wconf 86' lang='grc' dir='ltr'>βέλει</span> 
     </span>
     <span class='ocr_line' id='line_1_12' title="bbox 306 2195 928 2279; baseline -0.005 -16"><span class='ocrx_word' id='word_1_55' title='bbox 306 2197 362 2277; x_wconf 88' lang='grc' dir='ltr'>ἤδη</span> <span class='ocrx_word' id='word_1_56' title='bbox 384 2198 543 2279; x_wconf 87' lang='grc' dir='ltr'>μελανθεὶς</span> <span class='ocrx_word' id='word_1_57' title='bbox 567 2195 615 2261; x_wconf 80' lang='grc' dir='ltr'>καὶ</span> <span class='ocrx_word' id='word_1_58' title='bbox 637 2199 928 2278; x_wconf 85' lang='grc' dir='ltr'>κατηνθρακιάμενος.</span> 
     </span>
     <span class='ocr_line' id='line_1_13' title="bbox 307 2297 997 2386; baseline 0.001 -20"><span class='ocrx_word' id='word_1_59' title='bbox 307 2304 386 2383; x_wconf 83' lang='grc' dir='ltr'>ὅμως</span> <span class='ocrx_word' id='word_1_60' title='bbox 409 2301 433 2366; x_wconf 79' lang='grc' dir='ltr'>δ’</span> <span class='ocrx_word' id='word_1_61' title='bbox 458 2304 488 2368; x_wconf 78' lang='grc' dir='ltr'>ἐς</span> <span class='ocrx_word' id='word_1_62' title='bbox 511 2303 608 2386; x_wconf 81' lang='grc' dir='ltr'>ὄχθην</span> <span class='ocrx_word' id='word_1_63' title='bbox 630 2297 738 2382; x_wconf 82' lang='grc' dir='ltr'>χερσὶν</span> <span class='ocrx_word' id='word_1_64' title='bbox 758 2301 886 2368; x_wconf 78' lang='grc' dir='ltr'>αἰδοίοις</span> <span class='ocrx_word' id='word_1_65' title='bbox 908 2300 997 2380; x_wconf 87' lang='grc' dir='ltr'>δέμας</span> 
     </span>
     <span class='ocr_line' id='line_1_14' title="bbox 307 2403 1000 2488; baseline -0.006 -18"><span class='ocrx_word' id='word_1_66' title='bbox 307 2406 496 2488; x_wconf 79' lang='grc' dir='ltr'>ἐβάστασαν,</span> <span class='ocrx_word' id='word_1_67' title='bbox 518 2409 674 2486; x_wconf 84' lang='grc' dir='ltr'>λουτροῖσι</span> <span class='ocrx_word' id='word_1_68' title='bbox 696 2405 721 2469; x_wconf 88' lang='grc' dir='ltr'>δ’</span> <span class='ocrx_word' id='word_1_69' title='bbox 743 2404 874 2487; x_wconf 81' lang='grc' dir='ltr'>ἥγνισαν</span> <span class='ocrx_word' id='word_1_70' title='bbox 894 2403 1000 2486; x_wconf 89' lang='grc' dir='ltr'>μάτην.</span> 
     </span>
     <span class='ocr_line' id='line_1_15' title="bbox 307 2507 1004 2592; baseline -0.006 -18"><span class='ocrx_word' id='word_1_71' title='bbox 307 2511 356 2575; x_wconf 84' lang='grc' dir='ltr'>καὶ</span> <span class='ocrx_word' id='word_1_72' title='bbox 378 2509 484 2592; x_wconf 80' lang='grc' dir='ltr'>ψυχρὰ</span> <span class='ocrx_word' id='word_1_73' title='bbox 506 2508 725 2573; x_wconf 84' lang='grc' dir='ltr'>παλλεάκοισιν</span> <span class='ocrx_word' id='word_1_74' title='bbox 746 2507 904 2592; x_wconf 83' lang='grc' dir='ltr'>ἤμπισχον</span> <span class='ocrx_word' id='word_1_75' title='bbox 926 2508 1004 2586; x_wconf 90' lang='grc' dir='ltr'>μέλη</span> 
     </span>
     <span class='ocr_line' id='line_1_16' title="bbox 308 2611 1012 2694; baseline -0.007 -17"><span class='ocrx_word' id='word_1_76' title='bbox 308 2619 478 2688; x_wconf 83' lang='grc' dir='ltr'>στολαῖσιν,</span> <span class='ocrx_word' id='word_1_77' title='bbox 500 2611 564 2676; x_wconf 83' lang='grc' dir='ltr'>ἀνθ’</span> <span class='ocrx_word' id='word_1_78' title='bbox 588 2614 630 2677; x_wconf 85' lang='grc' dir='ltr'>ὧν</span> <span class='ocrx_word' id='word_1_79' title='bbox 652 2611 883 2692; x_wconf 78' lang='grc' dir='ltr'>ἀμφιβάλλεται</span> <span class='ocrx_word' id='word_1_80' title='bbox 905 2614 1012 2694; x_wconf 81' lang='grc' dir='ltr'>ῥακῶν.</span> 
     </span>
     <span class='ocr_line' id='line_1_17' title="bbox 307 2715 971 2798; baseline 0 -19"><span class='ocrx_word' id='word_1_81' title='bbox 307 2715 437 2780; x_wconf 81' lang='grc' dir='ltr'>κάπετον</span> <span class='ocrx_word' id='word_1_82' title='bbox 460 2720 492 2781; x_wconf 75' lang='grc' dir='ltr'>δὲ</span> <span class='ocrx_word' id='word_1_83' title='bbox 514 2716 632 2798; x_wconf 81' lang='grc' dir='ltr'>ῥείθρου</span> <span class='ocrx_word' id='word_1_84' title='bbox 653 2715 786 2794; x_wconf 81' lang='grc' dir='ltr'>πλησίον</span> <span class='ocrx_word' id='word_1_85' title='bbox 808 2718 971 2796; x_wconf 79' lang='grc' dir='ltr'>παρακτίαν</span> 
     </span>
     <span class='ocr_line' id='line_1_18' title="bbox 307 2819 961 2905; baseline 0.002 -23"><span class='ocrx_word' id='word_1_86' title='bbox 307 2819 413 2897; x_wconf 91' lang='grc' dir='ltr'>κοίλην</span> <span class='ocrx_word' id='word_1_87' title='bbox 436 2819 708 2894; x_wconf 83' lang='grc' dir='ltr'>κατασκάπτουσιν,</span> <span class='ocrx_word' id='word_1_88' title='bbox 731 2821 844 2903; x_wconf 80' lang='grc' dir='ltr'>ὑδρηλῇ</span> <span class='ocrx_word' id='word_1_89' title='bbox 866 2845 900 2883; x_wconf 92' lang='grc' dir='ltr'>τε</span> <span class='ocrx_word' id='word_1_90' title='bbox 922 2822 961 2905; x_wconf 76' lang='grc' dir='ltr'>γῇ</span> 
     </span>
    </p>
   </div>
   <div class='ocr_carea' id='block_1_5' title="bbox 306 2921 994 3211">
    <p class='ocr_par' dir='ltr' id='par_1_5' title="bbox 306 2921 994 3211">
     <span class='ocr_line' id='line_1_19' title="bbox 306 2921 992 3007; baseline 0 -22"><span class='ocrx_word' id='word_1_91' title='bbox 306 2923 459 3002; x_wconf 87' lang='grc' dir='ltr'>πόρρωθεν</span> <span class='ocrx_word' id='word_1_92' title='bbox 481 2921 691 3004; x_wconf 83' lang='grc' dir='ltr'>έγκράπτουσι,</span> <span class='ocrx_word' id='word_1_93' title='bbox 714 2926 774 2985; x_wconf 88' lang='grc' dir='ltr'>τῶν</span> <span class='ocrx_word' id='word_1_94' title='bbox 794 2922 899 2987; x_wconf 80' lang='grc' dir='ltr'>ἄλλων</span> <span class='ocrx_word' id='word_1_95' title='bbox 921 2924 992 3007; x_wconf 87' lang='grc' dir='ltr'>δίχα</span> 
     </span>
     <span class='ocr_line' id='line_1_20' title="bbox 307 3024 994 3108; baseline 0.004 -18"><span class='ocrx_word' id='word_1_96' title='bbox 307 3027 394 3091; x_wconf 83' lang='grc' dir='ltr'>νέκυν</span> <span class='ocrx_word' id='word_1_97' title='bbox 415 3024 563 3108; x_wconf 81' lang='grc' dir='ltr'>μονόζνγ’·</span> <span class='ocrx_word' id='word_1_98' title='bbox 595 3028 653 3089; x_wconf 83' lang='grc' dir='ltr'>ὧδε</span> <span class='ocrx_word' id='word_1_99' title='bbox 674 3024 732 3107; x_wconf 83' lang='grc' dir='ltr'>γάρ</span> <span class='ocrx_word' id='word_1_100' title='bbox 756 3024 881 3090; x_wconf 82' lang='grc' dir='ltr'>θάπτειν</span> <span class='ocrx_word' id='word_1_101' title='bbox 904 3025 994 3105; x_wconf 86' lang='grc' dir='ltr'>νόμας</span> 
     </span>
     <span class='ocr_line' id='line_1_21' title="bbox 309 3127 926 3211; baseline 0 -19"><span class='ocrx_word' id='word_1_102' title='bbox 309 3130 400 3197; x_wconf 86' lang='grc' dir='ltr'>ὅσους</span> <span class='ocrx_word' id='word_1_103' title='bbox 422 3131 524 3195; x_wconf 85' lang='grc' dir='ltr'>άνεῖλε</span> <span class='ocrx_word' id='word_1_104' title='bbox 547 3127 622 3195; x_wconf 81' lang='grc' dir='ltr'>Ζεὺς</span> <span class='ocrx_word' id='word_1_105' title='bbox 645 3129 796 3209; x_wconf 88' lang='grc' dir='ltr'>κεραάνιος</span> <span class='ocrx_word' id='word_1_106' title='bbox 820 3130 926 3211; x_wconf 85' lang='grc' dir='ltr'>φλογί·</span> 
     </span>
    </p>
   </div>
   <div class='ocr_carea' id='block_1_6' title="bbox 309 3232 1036 3731">
    <p class='ocr_par' dir='ltr' id='par_1_6' title="bbox 309 3232 1036 3731">
     <span class='ocr_line' id='line_1_22' title="bbox 309 3232 966 3315; baseline 0.009 -20"><span class='ocrx_word' id='word_1_107' title='bbox 309 3232 475 3297; x_wconf 90' lang='grc' dir='ltr'>σπένδουσι</span> <span class='ocrx_word' id='word_1_108' title='bbox 497 3233 522 3298; x_wconf 90' lang='grc' dir='ltr'>δ’</span> <span class='ocrx_word' id='word_1_109' title='bbox 544 3235 625 3297; x_wconf 84' lang='grc' dir='ltr'>οίνον</span> <span class='ocrx_word' id='word_1_110' title='bbox 648 3238 727 3315; x_wconf 84' lang='grc' dir='ltr'>δῶρα</span> <span class='ocrx_word' id='word_1_111' title='bbox 751 3234 966 3313; x_wconf 84' lang='grc' dir='ltr'>κάπιτυμβίους</span> 
     </span>
     <span class='ocr_line' id='line_1_23' title="bbox 310 3335 1004 3419; baseline 0.007 -21"><span class='ocrx_word' id='word_1_112' title='bbox 310 3339 384 3419; x_wconf 78' lang='grc' dir='ltr'>χοὰς</span> <span class='ocrx_word' id='word_1_113' title='bbox 406 3337 519 3400; x_wconf 74' lang='grc' dir='ltr'>ἐλαίου·</span> <span class='ocrx_word' id='word_1_114' title='bbox 551 3335 622 3399; x_wconf 84' lang='grc' dir='ltr'>κούκ</span> <span class='ocrx_word' id='word_1_115' title='bbox 644 3337 828 3416; x_wconf 78' lang='grc' dir='ltr'>ἀφίστανται</span> <span class='ocrx_word' id='word_1_116' title='bbox 850 3342 884 3399; x_wconf 85' lang='grc' dir='ltr'>τὸ</span> <span class='ocrx_word' id='word_1_117' title='bbox 906 3337 947 3416; x_wconf 76' lang='grc' dir='ltr'>μὴ</span> <span class='ocrx_word' id='word_1_118' title='bbox 970 3340 1004 3403; x_wconf 82' lang='grc' dir='ltr'>οὐ</span> 
     </span>
     <span class='ocr_line' id='line_1_24' title="bbox 309 3439 943 3523; baseline 0.003 -19"><span class='ocrx_word' id='word_1_119' title='bbox 309 3442 397 3505; x_wconf 85' lang='grc' dir='ltr'>ἔπεσι</span> <span class='ocrx_word' id='word_1_120' title='bbox 419 3439 589 3521; x_wconf 85' lang='grc' dir='ltr'>πρέπουσιν</span> <span class='ocrx_word' id='word_1_121' title='bbox 611 3439 777 3523; x_wconf 77' lang='grc' dir='ltr'>ἐγγράφειν</span> <span class='ocrx_word' id='word_1_122' title='bbox 799 3441 943 3506; x_wconf 86' lang='grc' dir='ltr'>άθοάνεκα</span> 
     </span>
     <span class='ocr_line' id='line_1_25' title="bbox 309 3543 948 3628; baseline 0.008 -23"><span class='ocrx_word' id='word_1_123' title='bbox 309 3544 437 3626; x_wconf 85' lang='grc' dir='ltr'>τύραννα</span> <span class='ocrx_word' id='word_1_124' title='bbox 459 3550 579 3622; x_wconf 89' lang='grc' dir='ltr'>τολμῶν</span> <span class='ocrx_word' id='word_1_125' title='bbox 601 3543 750 3628; x_wconf 88' lang='grc' dir='ltr'>λαγχάνει</span> <span class='ocrx_word' id='word_1_126' title='bbox 774 3546 948 3626; x_wconf 84' lang='grc' dir='ltr'>τυραννικὸν</span> 
     </span>
     <span class='ocr_line' id='line_1_26' title="bbox 310 3645 1036 3731; baseline 0.004 -21"><span class='ocrx_word' id='word_1_127' title='bbox 310 3646 439 3730; x_wconf 90' lang='grc' dir='ltr'>πέσημα,</span> <span class='ocrx_word' id='word_1_128' title='bbox 460 3649 561 3729; x_wconf 75' lang='grc' dir='ltr'>μεῖζον</span> <span class='ocrx_word' id='word_1_129' title='bbox 584 3647 609 3713; x_wconf 86' lang='grc' dir='ltr'>δ’</span> <span class='ocrx_word' id='word_1_130' title='bbox 631 3645 649 3726; x_wconf 78' lang='grc' dir='ltr'>ἢ</span> <span class='ocrx_word' id='word_1_131' title='bbox 674 3649 737 3712; x_wconf 82' lang='grc' dir='ltr'>κατ’</span> <span class='ocrx_word' id='word_1_132' title='bbox 760 3648 918 3731; x_wconf 86' lang='grc' dir='ltr'>ἄνθρωπον</span> <span class='ocrx_word' id='word_1_133' title='bbox 941 3649 1036 3717; x_wconf 85' lang='grc' dir='ltr'>κλέος.</span> 
     </span>
    </p>
   </div>
   <div class='ocr_carea' id='block_1_7' title="bbox 1050 3767 1189 3802">
    <p class='ocr_par' dir='ltr' id='par_1_7' title="bbox 1050 3767 1189 3802">
     <span class='ocr_line' id='line_1_27' title="bbox 1050 3767 1189 3802; baseline 0 -1"><span class='ocrx_word' id='word_1_134' title='bbox 1050 3767 1189 3802; x_wconf 56' lang='grc' dir='ltr'>ἣπλᾟ</span> 
     </span>
    </p>
   </div>
   <div class='ocr_carea' id='block_1_8' title="bbox 0 0 1540 4476">
    <p class='ocr_par' dir='ltr' id='par_1_8' title="bbox 0 0 1540 4476">
     <span class='ocr_line' id='line_1_28' title="bbox 0 0 1540 4476; baseline 0 0"><span class='ocrx_word' id='word_1_135' title='bbox 0 0 1540 4476; x_wconf 95' lang='lat' dir='ltr'> </span> 
     </span>
    </p>
   </div>
  </div>
 </body>
</html>
