3018 4478
603 314 820 363 OXONIENSIS

342 473 435 556 τύχην
456 474 626 556 λαχόντων,
647 471 715 538 τοὺς
736 471 915 551 τεθνηκότας
937 470 1031 554 λέγω.

342 579 462 656 ἀπόδος,
486 579 631 658 ἱκνοῦμαι,
654 579 693 664 γῇ
714 577 754 659 μ’,
778 574 957 656 ἀπάλλαξον
979 577 1081 658 μόρου.

343 684 416 764 όψει
438 683 591 761 πανόπτης
614 682 691 746 οὖσα
711 684 849 746 Τιθωνοῦ
871 680 980 761 τάφον.

341 783 486 864 άειθολής
508 810 559 848 σοι
582 784 717 864 καλλονὴ
741 784 804 849 καθ’
826 782 939 865 ὴμέραν

342 889 439 952 ἐσται·
474 888 555 955 κόνις
577 891 611 953 δέ
634 886 885 970 συμπεφυρμένος
908 887 988 952 κόνει
1091 918 1094 925 ·

342 991 415 1059 τέως
436 992 534 1075 ἐγωγε
556 995 609 1071 τῆς
631 991 722 1056 ἄνωθ’
745 992 866 1071 ἐρημίας

342 1093 542 1177 άμνημονήσω
564 1099 664 1174 τῆσδε,
688 1096 737 1159 καὶ
760 1095 859 1172 σέθεν,
882 1092 946 1170 θεά,

342 1201 466 1265 δίαυλον
488 1201 645 1284 ἇργυροῖσι
667 1198 860 1280 καμπτούσης
882 1202 1012 1282 τροχοῖς.

1041 1313 1064 1349 F·
1076 1313 1110 1350 Μ’.
1124 1315 1144 1349 J.
1157 1316 1179 1349 Τ.

695 1597 739 1639 XV

280 1699 303 1756 1.
345 1692 459 1774 Ὀργὴν
483 1697 645 1777 κατασχοΰ·
677 1691 731 1758 κᾶν
753 1694 932 1776 μεταγνοίης
955 1696 1036 1762 ίσως.

280 1798 320 1855 Ω.
345 1792 380 1858 οὐ
401 1790 472 1872 δῆτ’,
493 1790 610 1874 Ἰάγων.
642 1792 681 1859 ὣς
703 1796 761 1875 γὰρ
785 1791 821 1873 ἐξ
841 1794 908 1862 ἐνὸς
928 1796 1019 1877 ῥόθου

343 1895 466 1981 ψυχρὰς
488 1897 620 1961 κυλίνδει
642 1896 751 1964 πόντος
774 1895 919 1977 Εὔξεινος
939 1900 1012 1980 ῥοὰς

346 2000 404 2066 οὐδ’
428 2000 465 2064 ἂν
488 1998 587 2080 ξυνείη
611 1999 668 2066 σὺν
688 2000 852 2085 παλιρροία
874 2005 969 2080 βυθοῦ

345 2107 482 2187 ἄψορρον
504 2106 615 2169 ἐλθεῖν·
646 2106 679 2168 ἐκ
702 2108 734 2170 δὲ
757 2107 812 2183 τῆς
835 2106 1041 2186 Προποντίδος

345 2209 422 2293 ὁρμᾷ
444 2213 518 2288 πρὸς
539 2205 782 2289 Ἑλλήσποντον·
813 2209 956 2276 ὡσαύτως
978 2208 1004 2273 δ’
1027 2210 1085 2292 ἐγὼ

344 2313 436 2393 όργῆς
457 2315 552 2398 βιαίῳ
574 2318 647 2394 πρὸς
670 2313 767 2393 φόνον
791 2313 930 2379 σπεύδων
952 2315 1051 2396 δρόμῳ

344 2418 397 2482 οὐκ
419 2416 457 2481 ἂν
479 2417 615 2500 δράμοιμ’
637 2415 774 2499 άφορρον
796 2418 829 2479 ἐκ
851 2417 1054 2498 πλημμυρίδος

345 2527 466 2602 φαῦλον
487 2526 589 2586 ποθῶν
612 2521 717 2602 ἔρωτα,
740 2521 811 2601 πρὶν
834 2520 929 2588 πολὺς
950 2519 1025 2602 ῥέων

345 2626 422 2711 ἐκβῇ
443 2625 564 2689 τελείαν
587 2626 678 2703 θυμὸς
701 2623 744 2689 είς
767 2624 919 2704 τιμωρίαν.

345 2726 467 2792 τοιαῦτά
488 2753 535 2791 τοι
558 2732 632 2808 πρὸς
655 2731 751 2804 Ζηνὸς
773 2725 820 2805 ἠδ’
841 2726 1017 2805 Ὀλυμπίων

345 2833 434 2914 ὅρκον
457 2832 590 2910 σεβίζων
611 2831 732 2897 ἐνδίκως
755 2830 908 2909 ἐπύμοσα.

299 2985 306 2998 .
344 2934 435 3020 εύχοί
458 2934 497 3001 ἂν
517 2934 621 3001 οὕτως·
655 2932 725 2997 ἀλλ’
750 2930 838 3016 ἔγωγ’
860 2932 1037 3013 ὑφίσταμαι,

346 3041 524 3121 όρκωμοτῶν
544 3040 691 3120 τηλαυγὲς
713 3036 801 3117 ἡλίου
823 3035 918 3103 σέλας

346 3140 395 3207 καὶ
416 3141 497 3207 τόνδ’
520 3139 569 3222 ἅμ’
594 3139 688 3223 αἰθέρ’
711 3141 794 3206 ὅστις
817 3140 966 3225 θμπίσχει
987 3141 1127 3223 βροτούς,

345 3245 364 3325 ἦ
385 3245 445 3326 μὴν
467 3244 607 3309 ἁπάντων
629 3241 888 3327 άνθυπουργύσειν
909 3245 994 3321 δίκην

345 3351 428 3414 ὅσων
450 3350 593 3432 ἐπασχες,
617 3351 646 3413 εί
665 3374 694 3412 τι
717 3351 789 3429 δρᾶν
810 3346 975 3428 δυνήσομαι

344 3451 362 3533 ἢ
386 3451 465 3538 χειρὶ
488 3454 599 3534 βρίσας
620 3449 639 3530 ἢ
663 3457 783 3532 φρενῶν
804 3451 908 3536 γνώμῃ
930 3452 1035 3517 πλέον.

346 3558 366 3622 δ
387 3562 434 3622 δεῖ
456 3556 620 3623 κελεύσεις·
650 3554 716 3620 άντὶ
737 3555 764 3620 δ’
786 3555 933 3638 αἰσχύνης
956 3554 1033 3633 ἐμοί,

348 3660 402 3726 κᾶν
425 3661 499 3742 αίμο
521 3658 634 3742 πράξω,
657 3657 806 3739 στήσεται
828 3656 1000 3737 πειθαρχία.

1080 3755 1106 3788 Α.
1120 3754 1137 3790 J.
1153 3756 1176 3789 B.
