<?xml version="1.0" encoding="UTF-8"?>
<!DOCTYPE html PUBLIC "-//W3C//DTD XHTML 1.0 Transitional//EN"
    "http://www.w3.org/TR/xhtml1/DTD/xhtml1-transitional.dtd">
<html xmlns="http://www.w3.org/1999/xhtml" xml:lang="en" lang="en">
 <head>
  <title>
</title>
<meta http-equiv="Content-Type" content="text/html;charset=utf-8" />
  <meta name='ocr-system' content='tesseract 3.04.00' />
  <meta name='ocr-capabilities' content='ocr_page ocr_carea ocr_par ocr_line ocrx_word'/>
</head>
<body>
  <div class='ocr_page' id='page_1' title='image "./novaanthologiao02godlgoog_0048.png"; bbox 0 0 3018 4478; ppageno 0'>
   <div class='ocr_carea' id='block_1_1' title="bbox 591 307 808 359">
    <p class='ocr_par' dir='ltr' id='par_1_1' title="bbox 591 307 808 359">
     <span class='ocr_line' id='line_1_1' title="bbox 591 307 808 359; baseline 0.009 -3"><span class='ocrx_word' id='word_1_1' title='bbox 591 307 808 359; x_wconf 81' lang='lat' dir='ltr'>OXONIENSIS</span> 
     </span>
    </p>
   </div>
   <div class='ocr_carea' id='block_1_2' title="bbox 326 547 1060 2174">
    <p class='ocr_par' dir='ltr' id='par_1_2' title="bbox 326 547 1060 2174">
     <span class='ocr_line' id='line_1_2' title="bbox 667 547 726 588; baseline 0 0"><span class='ocrx_word' id='word_1_2' title='bbox 667 547 726 588; x_wconf 87' lang='lat' dir='ltr'>x1x</span> 
     </span>
     <span class='ocr_line' id='line_1_3' title="bbox 326 638 1005 726; baseline 0.007 -21"><span class='ocrx_word' id='word_1_3' title='bbox 326 638 437 720; x_wconf 68' lang='grc' dir='ltr'>’0ράτέ</span> <span class='ocrx_word' id='word_1_4' title='bbox 455 640 496 721; x_wconf 87' lang='grc' dir='ltr'>μ’,</span> <span class='ocrx_word' id='word_1_5' title='bbox 517 641 621 725; x_wconf 88' lang='grc' dir='ltr'>ῶσπερ</span> <span class='ocrx_word' id='word_1_6' title='bbox 644 643 688 710; x_wconf 80' lang='grc' dir='ltr'>εἶς</span> <span class='ocrx_word' id='word_1_7' title='bbox 710 669 756 709; x_wconf 90' lang='grc' dir='ltr'>τις</span> <span class='ocrx_word' id='word_1_8' title='bbox 778 640 815 722; x_wconf 83' lang='grc' dir='ltr'>ἐξ</span> <span class='ocrx_word' id='word_1_9' title='bbox 833 644 914 721; x_wconf 82' lang='grc' dir='ltr'>ὑμῶν</span> <span class='ocrx_word' id='word_1_10' title='bbox 936 644 1005 726; x_wconf 83' lang='grc' dir='ltr'>ἐφη,</span> 
     </span>
     <span class='ocr_line' id='line_1_4' title="bbox 327 743 1029 830; baseline 0.009 -24"><span class='ocrx_word' id='word_1_11' title='bbox 327 744 432 809; x_wconf 84' lang='grc' dir='ltr'>ὅπλων</span> <span class='ocrx_word' id='word_1_12' title='bbox 453 743 580 827; x_wconf 88' lang='grc' dir='ltr'>γέροντα</span> <span class='ocrx_word' id='word_1_13' title='bbox 600 751 713 829; x_wconf 83' lang='grc' dir='ltr'>γυμνὸν</span> <span class='ocrx_word' id='word_1_14' title='bbox 737 743 809 824; x_wconf 86' lang='grc' dir='ltr'>ὄντ’,</span> <span class='ocrx_word' id='word_1_15' title='bbox 833 747 928 824; x_wconf 84' lang='grc' dir='ltr'>ἀλκῆς</span> <span class='ocrx_word' id='word_1_16' title='bbox 950 747 1029 830; x_wconf 83' lang='grc' dir='ltr'>άπερ,</span> 
     </span>
     <span class='ocr_line' id='line_1_5' title="bbox 327 845 970 932; baseline 0.011 -23"><span class='ocrx_word' id='word_1_17' title='bbox 327 846 362 911; x_wconf 91' lang='grc' dir='ltr'>δν</span> <span class='ocrx_word' id='word_1_18' title='bbox 384 848 473 931; x_wconf 80' lang='grc' dir='ltr'>ἐχθές</span> <span class='ocrx_word' id='word_1_19' title='bbox 494 845 579 913; x_wconf 77' lang='grc' dir='ltr'>εἴδετ’</span> <span class='ocrx_word' id='word_1_20' title='bbox 600 850 633 914; x_wconf 92' lang='grc' dir='ltr'>ἐν</span> <span class='ocrx_word' id='word_1_21' title='bbox 655 849 771 932; x_wconf 77' lang='grc' dir='ltr'>θρόνοις</span> <span class='ocrx_word' id='word_1_22' title='bbox 794 848 970 929; x_wconf 82' lang='grc' dir='ltr'>καθήμενον·</span> 
     </span>
     <span class='ocr_line' id='line_1_6' title="bbox 329 951 901 1036; baseline 0.009 -22"><span class='ocrx_word' id='word_1_23' title='bbox 329 951 415 1015; x_wconf 88' lang='grc' dir='ltr'>κάκεῖ</span> <span class='ocrx_word' id='word_1_24' title='bbox 434 951 575 1035; x_wconf 80' lang='grc' dir='ltr'>τύραννος</span> <span class='ocrx_word' id='word_1_25' title='bbox 596 954 709 1035; x_wconf 78' lang='grc' dir='ltr'>μυρίων</span> <span class='ocrx_word' id='word_1_26' title='bbox 732 953 901 1036; x_wconf 77' lang='grc' dir='ltr'>ἐφαινόμην</span> 
     </span>
     <span class='ocr_line' id='line_1_7' title="bbox 328 1052 995 1141; baseline 0.009 -25"><span class='ocrx_word' id='word_1_27' title='bbox 328 1052 438 1133; x_wconf 83' lang='grc' dir='ltr'>νήσων,</span> <span class='ocrx_word' id='word_1_28' title='bbox 461 1056 610 1122; x_wconf 78' lang='grc' dir='ltr'>πέπλοισι</span> <span class='ocrx_word' id='word_1_29' title='bbox 631 1061 797 1141; x_wconf 74' lang='grc' dir='ltr'>πορφυροῖς</span> <span class='ocrx_word' id='word_1_30' title='bbox 819 1055 995 1136; x_wconf 84' lang='grc' dir='ltr'>ἠσκημένος,</span> 
     </span>
     <span class='ocr_line' id='line_1_8' title="bbox 329 1158 1012 1242; baseline 0.009 -22"><span class='ocrx_word' id='word_1_31' title='bbox 329 1158 433 1222; x_wconf 82' lang='grc' dir='ltr'>ἀλλων</span> <span class='ocrx_word' id='word_1_32' title='bbox 455 1166 626 1242; x_wconf 84' lang='grc' dir='ltr'>προφωνῶν</span> <span class='ocrx_word' id='word_1_33' title='bbox 648 1161 719 1225; x_wconf 85' lang='grc' dir='ltr'>κούκ</span> <span class='ocrx_word' id='word_1_34' title='bbox 742 1159 815 1240; x_wconf 88' lang='grc' dir='ltr'>ἐμάς</span> <span class='ocrx_word' id='word_1_35' title='bbox 838 1159 1012 1226; x_wconf 84' lang='grc' dir='ltr'>ἐπιστολάς·</span> 
     </span>
     <span class='ocr_line' id='line_1_9' title="bbox 330 1260 1050 1347; baseline 0.006 -21"><span class='ocrx_word' id='word_1_36' title='bbox 330 1261 389 1326; x_wconf 80' lang='grc' dir='ltr'>οὐδ’</span> <span class='ocrx_word' id='word_1_37' title='bbox 411 1260 448 1326; x_wconf 85' lang='grc' dir='ltr'>αθ</span> <span class='ocrx_word' id='word_1_38' title='bbox 469 1260 539 1343; x_wconf 90' lang='grc' dir='ltr'>παρ’</span> <span class='ocrx_word' id='word_1_39' title='bbox 559 1265 641 1344; x_wconf 81' lang='grc' dir='ltr'>ὑμῶν</span> <span class='ocrx_word' id='word_1_40' title='bbox 663 1263 739 1328; x_wconf 79' lang='grc' dir='ltr'>τοῦτ’</span> <span class='ocrx_word' id='word_1_41' title='bbox 765 1262 911 1345; x_wconf 75' lang='grc' dir='ltr'>ἐδεξάμην</span> <span class='ocrx_word' id='word_1_42' title='bbox 934 1262 1050 1347; x_wconf 88' lang='grc' dir='ltr'>κράτος,</span> 
     </span>
     <span class='ocr_line' id='line_1_10' title="bbox 329 1364 960 1450; baseline 0.006 -24"><span class='ocrx_word' id='word_1_43' title='bbox 329 1370 389 1428; x_wconf 91' lang='grc' dir='ltr'>τῶν</span> <span class='ocrx_word' id='word_1_44' title='bbox 411 1364 540 1448; x_wconf 76' lang='grc' dir='ltr'>εὐγενῶν</span> <span class='ocrx_word' id='word_1_45' title='bbox 562 1366 620 1450; x_wconf 82' lang='grc' dir='ltr'>γάρ</span> <span class='ocrx_word' id='word_1_46' title='bbox 643 1369 735 1449; x_wconf 89' lang='grc' dir='ltr'>ἐσμεν</span> <span class='ocrx_word' id='word_1_47' title='bbox 758 1366 960 1450; x_wconf 74' lang='grc' dir='ltr'>ἐξηρτημένοι.</span> 
     </span>
     <span class='ocr_line' id='line_1_11' title="bbox 330 1468 1060 1555; baseline 0.003 -24"><span class='ocrx_word' id='word_1_48' title='bbox 330 1468 395 1532; x_wconf 88' lang='grc' dir='ltr'>ἀνθ’</span> <span class='ocrx_word' id='word_1_49' title='bbox 418 1471 459 1533; x_wconf 90' lang='grc' dir='ltr'>ῶν</span> <span class='ocrx_word' id='word_1_50' title='bbox 480 1472 536 1549; x_wconf 87' lang='grc' dir='ltr'>μέν</span> <span class='ocrx_word' id='word_1_51' title='bbox 559 1470 611 1535; x_wconf 81' lang='grc' dir='ltr'>οὖν</span> <span class='ocrx_word' id='word_1_52' title='bbox 632 1471 692 1535; x_wconf 89' lang='grc' dir='ltr'>τότ’</span> <span class='ocrx_word' id='word_1_53' title='bbox 717 1472 825 1555; x_wconf 81' lang='grc' dir='ltr'>ἔτυχον</span> <span class='ocrx_word' id='word_1_54' title='bbox 848 1468 975 1553; x_wconf 78' lang='grc' dir='ltr'>ἱδρυθεὶς</span> <span class='ocrx_word' id='word_1_55' title='bbox 998 1472 1060 1534; x_wconf 87' lang='grc' dir='ltr'>ἐκεῖ</span> 
     </span>
     <span class='ocr_line' id='line_1_12' title="bbox 330 1570 919 1654; baseline 0.007 -20"><span class='ocrx_word' id='word_1_56' title='bbox 330 1570 431 1650; x_wconf 83' lang='grc' dir='ltr'>ἔξιστε</span> <span class='ocrx_word' id='word_1_57' title='bbox 453 1572 572 1648; x_wconf 88' lang='grc' dir='ltr'>πάντες,</span> <span class='ocrx_word' id='word_1_58' title='bbox 594 1571 613 1653; x_wconf 85' lang='grc' dir='ltr'>ἢ</span> <span class='ocrx_word' id='word_1_59' title='bbox 636 1575 744 1640; x_wconf 79' lang='grc' dir='ltr'>δοκεῖτ’</span> <span class='ocrx_word' id='word_1_60' title='bbox 766 1574 919 1654; x_wconf 83' lang='grc' dir='ltr'>ἐξειδέναι·</span> 
     </span>
     <span class='ocr_line' id='line_1_13' title="bbox 330 1672 1000 1759; baseline 0.006 -21"><span class='ocrx_word' id='word_1_61' title='bbox 330 1672 396 1739; x_wconf 82' lang='grc' dir='ltr'>ἀνθ’</span> <span class='ocrx_word' id='word_1_62' title='bbox 417 1678 459 1741; x_wconf 87' lang='grc' dir='ltr'>ῶν</span> <span class='ocrx_word' id='word_1_63' title='bbox 480 1680 514 1742; x_wconf 88' lang='grc' dir='ltr'>δέ</span> <span class='ocrx_word' id='word_1_64' title='bbox 536 1683 589 1743; x_wconf 81' lang='grc' dir='ltr'>νῦν</span> <span class='ocrx_word' id='word_1_65' title='bbox 610 1676 741 1746; x_wconf 86' lang='grc' dir='ltr'>ἀελπτος</span> <span class='ocrx_word' id='word_1_66' title='bbox 764 1678 862 1744; x_wconf 87' lang='grc' dir='ltr'>ἐνθάδ’</span> <span class='ocrx_word' id='word_1_67' title='bbox 886 1679 1000 1759; x_wconf 77' lang='grc' dir='ltr'>ἱκόμην,</span> 
     </span>
     <span class='ocr_line' id='line_1_14' title="bbox 332 1779 942 1862; baseline 0.007 -18"><span class='ocrx_word' id='word_1_68' title='bbox 332 1781 426 1845; x_wconf 78' lang='grc' dir='ltr'>εἴτις</span> <span class='ocrx_word' id='word_1_69' title='bbox 448 1779 577 1862; x_wconf 87' lang='grc' dir='ltr'>πάρεστι</span> <span class='ocrx_word' id='word_1_70' title='bbox 599 1787 659 1845; x_wconf 90' lang='grc' dir='ltr'>τῶν</span> <span class='ocrx_word' id='word_1_71' title='bbox 681 1782 850 1847; x_wconf 89' lang='grc' dir='ltr'>ἀκουόντων</span> <span class='ocrx_word' id='word_1_72' title='bbox 871 1780 942 1848; x_wconf 88' lang='grc' dir='ltr'>τάδε</span> 
     </span>
     <span class='ocr_line' id='line_1_15' title="bbox 330 1885 911 1969; baseline 0.007 -23"><span class='ocrx_word' id='word_1_73' title='bbox 330 1885 409 1969; x_wconf 74' lang='grc' dir='ltr'>αὐτῷ</span> <span class='ocrx_word' id='word_1_74' title='bbox 429 1885 571 1950; x_wconf 85' lang='grc' dir='ltr'>συνειδδς</span> <span class='ocrx_word' id='word_1_75' title='bbox 594 1886 707 1952; x_wconf 82' lang='grc' dir='ltr'>ἀθλίως</span> <span class='ocrx_word' id='word_1_76' title='bbox 729 1885 911 1969; x_wconf 81' lang='grc' dir='ltr'>ὑβρισμένῳ,</span> 
     </span>
     <span class='ocr_line' id='line_1_16' title="bbox 332 1985 898 2074; baseline 0.007 -24"><span class='ocrx_word' id='word_1_77' title='bbox 332 1986 484 2074; x_wconf 79' lang='grc' dir='ltr'>ᾐκισμένῳ</span> <span class='ocrx_word' id='word_1_78' title='bbox 507 2013 540 2054; x_wconf 91' lang='grc' dir='ltr'>τε</span> <span class='ocrx_word' id='word_1_79' title='bbox 563 1985 613 2053; x_wconf 81' lang='grc' dir='ltr'>καί</span> <span class='ocrx_word' id='word_1_80' title='bbox 637 1988 898 2074; x_wconf 67' lang='grc' dir='ltr'>κατεσποδημένοι,</span> 
     </span>
     <span class='ocr_line' id='line_1_17' title="bbox 332 2090 1055 2174; baseline 0.004 -20"><span class='ocrx_word' id='word_1_81' title='bbox 332 2091 403 2154; x_wconf 82' lang='grc' dir='ltr'>ὥστ’</span> <span class='ocrx_word' id='word_1_82' title='bbox 428 2092 496 2156; x_wconf 81' lang='grc' dir='ltr'>οὗδέ</span> <span class='ocrx_word' id='word_1_83' title='bbox 518 2091 596 2156; x_wconf 84' lang='grc' dir='ltr'>τοῦτ’</span> <span class='ocrx_word' id='word_1_84' title='bbox 621 2092 662 2157; x_wconf 82' lang='grc' dir='ltr'>ἐτ’</span> <span class='ocrx_word' id='word_1_85' title='bbox 684 2092 766 2157; x_wconf 87' lang='grc' dir='ltr'>οἶδεν</span> <span class='ocrx_word' id='word_1_86' title='bbox 789 2096 816 2158; x_wconf 87' lang='grc' dir='ltr'>εί</span> <span class='ocrx_word' id='word_1_87' title='bbox 838 2091 949 2174; x_wconf 82' lang='grc' dir='ltr'>πέφυκ’</span> <span class='ocrx_word' id='word_1_88' title='bbox 971 2090 1055 2174; x_wconf 80' lang='grc' dir='ltr'>ἀνήρ,</span> 
     </span>
    </p>
   </div>
   <div class='ocr_carea' id='block_1_3' title="bbox 332 2196 1014 2385">
    <p class='ocr_par' dir='ltr' id='par_1_3' title="bbox 332 2196 1014 2385">
     <span class='ocr_line' id='line_1_18' title="bbox 332 2196 927 2282; baseline 0.003 -24"><span class='ocrx_word' id='word_1_89' title='bbox 332 2200 438 2261; x_wconf 82' lang='grc' dir='ltr'>τοῦτον</span> <span class='ocrx_word' id='word_1_90' title='bbox 462 2196 582 2275; x_wconf 83' lang='grc' dir='ltr'>κελεύω,</span> <span class='ocrx_word' id='word_1_91' title='bbox 604 2198 761 2282; x_wconf 82' lang='grc' dir='ltr'>χρώμενον</span> <span class='ocrx_word' id='word_1_92' title='bbox 782 2197 927 2282; x_wconf 79' lang='grc' dir='ltr'>τεκμηρίῳ</span> 
     </span>
     <span class='ocr_line' id='line_1_19' title="bbox 333 2300 1014 2385; baseline 0.006 -24"><span class='ocrx_word' id='word_1_93' title='bbox 333 2304 398 2367; x_wconf 89' lang='grc' dir='ltr'>ταῖς</span> <span class='ocrx_word' id='word_1_94' title='bbox 419 2300 503 2365; x_wconf 80' lang='grc' dir='ltr'>αῖσιν</span> <span class='ocrx_word' id='word_1_95' title='bbox 525 2302 614 2365; x_wconf 82' lang='grc' dir='ltr'>αὐτοῦ</span> <span class='ocrx_word' id='word_1_96' title='bbox 637 2304 816 2385; x_wconf 88' lang='grc' dir='ltr'>συμφοραῖς,</span> <span class='ocrx_word' id='word_1_97' title='bbox 838 2300 893 2381; x_wconf 76' lang='grc' dir='ltr'>τὴν</span> <span class='ocrx_word' id='word_1_98' title='bbox 916 2301 1014 2365; x_wconf 88' lang='grc' dir='ltr'>αίτίαν</span> 
     </span>
    </p>
   </div>
   <div class='ocr_carea' id='block_1_4' title="bbox 332 2403 1172 3800">
    <p class='ocr_par' dir='ltr' id='par_1_4' title="bbox 332 2403 1172 3800">
     <span class='ocr_line' id='line_1_20' title="bbox 332 2403 1029 2488; baseline -0.001 -21"><span class='ocrx_word' id='word_1_99' title='bbox 332 2406 385 2482; x_wconf 81' lang='grc' dir='ltr'>τῆς</span> <span class='ocrx_word' id='word_1_100' title='bbox 406 2404 442 2484; x_wconf 79' lang='grc' dir='ltr'>ἧς</span> <span class='ocrx_word' id='word_1_101' title='bbox 464 2409 616 2469; x_wconf 89' lang='grc' dir='ltr'>κατειπεῖν</span> <span class='ocrx_word' id='word_1_102' title='bbox 637 2408 690 2484; x_wconf 80' lang='grc' dir='ltr'>τῆς</span> <span class='ocrx_word' id='word_1_103' title='bbox 712 2403 737 2470; x_wconf 82' lang='grc' dir='ltr'>τ’</span> <span class='ocrx_word' id='word_1_104' title='bbox 760 2406 832 2486; x_wconf 82' lang='grc' dir='ltr'>ἐμῆς</span> <span class='ocrx_word' id='word_1_105' title='bbox 853 2404 1029 2488; x_wconf 90' lang='grc' dir='ltr'>παρουσίας.</span> 
     </span>
     <span class='ocr_line' id='line_1_21' title="bbox 333 2504 1010 2590; baseline 0.001 -20"><span class='ocrx_word' id='word_1_106' title='bbox 333 2504 404 2570; x_wconf 89' lang='grc' dir='ltr'>ἀλλ’</span> <span class='ocrx_word' id='word_1_107' title='bbox 425 2509 460 2571; x_wconf 85' lang='grc' dir='ltr'>οὐ</span> <span class='ocrx_word' id='word_1_108' title='bbox 481 2508 539 2590; x_wconf 82' lang='grc' dir='ltr'>γάρ</span> <span class='ocrx_word' id='word_1_109' title='bbox 561 2509 647 2574; x_wconf 83' lang='grc' dir='ltr'>ἐστιν</span> <span class='ocrx_word' id='word_1_110' title='bbox 668 2510 753 2576; x_wconf 85' lang='grc' dir='ltr'>ὅστις</span> <span class='ocrx_word' id='word_1_111' title='bbox 776 2508 829 2573; x_wconf 85' lang='grc' dir='ltr'>οὐκ</span> <span class='ocrx_word' id='word_1_112' title='bbox 852 2509 1010 2574; x_wconf 89' lang='grc' dir='ltr'>ἐπίσταται</span> 
     </span>
     <span class='ocr_line' id='line_1_22' title="bbox 334 2607 947 2696; baseline 0.007 -24"><span class='ocrx_word' id='word_1_113' title='bbox 334 2607 376 2675; x_wconf 80' lang='grc' dir='ltr'>οῖ’</span> <span class='ocrx_word' id='word_1_114' title='bbox 398 2611 503 2692; x_wconf 80' lang='grc' dir='ltr'>ἀρτίως</span> <span class='ocrx_word' id='word_1_115' title='bbox 525 2612 662 2677; x_wconf 87' lang='grc' dir='ltr'>πέπονθα</span> <span class='ocrx_word' id='word_1_116' title='bbox 685 2609 733 2675; x_wconf 78' lang='grc' dir='ltr'>καὶ</span> <span class='ocrx_word' id='word_1_117' title='bbox 755 2612 947 2696; x_wconf 74' lang='grc' dir='ltr'>συνασχαλᾷ,</span> 
     </span>
     <span class='ocr_line' id='line_1_23' title="bbox 334 2713 1007 2798; baseline 0.003 -22"><span class='ocrx_word' id='word_1_118' title='bbox 334 2713 391 2797; x_wconf 83' lang='grc' dir='ltr'>οὐχ</span> <span class='ocrx_word' id='word_1_119' title='bbox 413 2716 517 2797; x_wconf 85' lang='grc' dir='ltr'>ὥσπερ</span> <span class='ocrx_word' id='word_1_120' title='bbox 539 2715 568 2779; x_wconf 77' lang='grc' dir='ltr'>οῖ</span> <span class='ocrx_word' id='word_1_121' title='bbox 592 2719 743 2795; x_wconf 79' lang='grc' dir='ltr'>συνῆλθον</span> <span class='ocrx_word' id='word_1_122' title='bbox 766 2717 797 2782; x_wconf 87' lang='grc' dir='ltr'>ἐς</span> <span class='ocrx_word' id='word_1_123' title='bbox 819 2717 918 2798; x_wconf 89' lang='grc' dir='ltr'>κρίσιν</span> <span class='ocrx_word' id='word_1_124' title='bbox 939 2714 1007 2778; x_wconf 90' lang='grc' dir='ltr'>τότε</span> 
     </span>
     <span class='ocr_line' id='line_1_24' title="bbox 335 2816 935 2901; baseline 0 -20"><span class='ocrx_word' id='word_1_125' title='bbox 335 2816 533 2896; x_wconf 78' lang='grc' dir='ltr'>ἀτιμάσαντες</span> <span class='ocrx_word' id='word_1_126' title='bbox 554 2818 608 2882; x_wconf 91' lang='grc' dir='ltr'>τδν</span> <span class='ocrx_word' id='word_1_127' title='bbox 629 2820 700 2901; x_wconf 87' lang='grc' dir='ltr'>πρὶν</span> <span class='ocrx_word' id='word_1_128' title='bbox 722 2817 935 2898; x_wconf 82' lang='grc' dir='ltr'>ἠτιμασμένον,</span> 
     </span>
     <span class='ocr_line' id='line_1_25' title="bbox 335 2920 959 3006; baseline 0.003 -23"><span class='ocrx_word' id='word_1_129' title='bbox 335 2920 404 2986; x_wconf 81' lang='grc' dir='ltr'>ἐᾶτε</span> <span class='ocrx_word' id='word_1_130' title='bbox 427 2926 519 3004; x_wconf 81' lang='grc' dir='ltr'>σιγᾶν</span> <span class='ocrx_word' id='word_1_131' title='bbox 540 2920 690 3003; x_wconf 72' lang='grc' dir='ltr'>μνήμοσιν</span> <span class='ocrx_word' id='word_1_132' title='bbox 711 2926 818 3006; x_wconf 86' lang='grc' dir='ltr'>μυχοῖς</span> <span class='ocrx_word' id='word_1_133' title='bbox 841 2926 959 3002; x_wconf 81' lang='grc' dir='ltr'>φρενῶν</span> 
     </span>
     <span class='ocr_line' id='line_1_26' title="bbox 336 3022 1015 3111; baseline 0.003 -22"><span class='ocrx_word' id='word_1_134' title='bbox 336 3025 356 3088; x_wconf 82' lang='grc' dir='ltr'>δ</span> <span class='ocrx_word' id='word_1_135' title='bbox 378 3031 431 3090; x_wconf 84' lang='grc' dir='ltr'>νῦν</span> <span class='ocrx_word' id='word_1_136' title='bbox 454 3025 601 3091; x_wconf 85' lang='grc' dir='ltr'>κέκευθεν·</span> <span class='ocrx_word' id='word_1_137' title='bbox 633 3028 660 3091; x_wconf 81' lang='grc' dir='ltr'>εί</span> <span class='ocrx_word' id='word_1_138' title='bbox 682 3026 715 3089; x_wconf 90' lang='grc' dir='ltr'>δέ</span> <span class='ocrx_word' id='word_1_139' title='bbox 737 3022 889 3111; x_wconf 70' lang='grc' dir='ltr'>πειρῴμην</span> <span class='ocrx_word' id='word_1_140' title='bbox 911 3025 1015 3108; x_wconf 84' lang='grc' dir='ltr'>λόγοις</span> 
     </span>
     <span class='ocr_line' id='line_1_27' title="bbox 336 3127 1003 3212; baseline 0.003 -20"><span class='ocrx_word' id='word_1_141' title='bbox 336 3127 417 3194; x_wconf 83' lang='grc' dir='ltr'>ταῦτ’</span> <span class='ocrx_word' id='word_1_142' title='bbox 439 3131 614 3211; x_wconf 80' lang='grc' dir='ltr'>ἐμφανίζειν</span> <span class='ocrx_word' id='word_1_143' title='bbox 636 3134 698 3196; x_wconf 92' lang='grc' dir='ltr'>τοῖς</span> <span class='ocrx_word' id='word_1_144' title='bbox 719 3128 816 3209; x_wconf 92' lang='grc' dir='ltr'>μάτην</span> <span class='ocrx_word' id='word_1_145' title='bbox 839 3128 1003 3212; x_wconf 84' lang='grc' dir='ltr'>όδόρμασιν</span> 
     </span>
     <span class='ocr_line' id='line_1_28' title="bbox 335 3231 1014 3314; baseline 0.006 -18"><span class='ocrx_word' id='word_1_146' title='bbox 335 3231 391 3312; x_wconf 86' lang='grc' dir='ltr'>ἤδη</span> <span class='ocrx_word' id='word_1_147' title='bbox 415 3235 577 3314; x_wconf 81' lang='grc' dir='ltr'>κεκμηκώς,</span> <span class='ocrx_word' id='word_1_148' title='bbox 598 3237 718 3314; x_wconf 79' lang='grc' dir='ltr'>μᾶλλον</span> <span class='ocrx_word' id='word_1_149' title='bbox 740 3231 777 3297; x_wconf 89' lang='grc' dir='ltr'>ἀν</span> <span class='ocrx_word' id='word_1_150' title='bbox 800 3233 862 3296; x_wconf 81' lang='grc' dir='ltr'>τότ’</span> <span class='ocrx_word' id='word_1_151' title='bbox 884 3233 1014 3312; x_wconf 75' lang='grc' dir='ltr'>ἀσθενὴς</span> 
     </span>
     <span class='ocr_line' id='line_1_29' title="bbox 338 3334 931 3419; baseline 0.002 -19"><span class='ocrx_word' id='word_1_152' title='bbox 338 3336 426 3403; x_wconf 81' lang='grc' dir='ltr'>οὗτὸς</span> <span class='ocrx_word' id='word_1_153' title='bbox 448 3338 586 3419; x_wconf 91' lang='grc' dir='ltr'>φανείην,</span> <span class='ocrx_word' id='word_1_154' title='bbox 609 3335 642 3403; x_wconf 88' lang='grc' dir='ltr'>δς</span> <span class='ocrx_word' id='word_1_155' title='bbox 664 3334 786 3418; x_wconf 89' lang='grc' dir='ltr'>πάρειμι</span> <span class='ocrx_word' id='word_1_156' title='bbox 808 3337 931 3416; x_wconf 81' lang='grc' dir='ltr'>μείζονα</span> 
     </span>
     <span class='ocr_line' id='line_1_30' title="bbox 338 3437 1018 3522; baseline 0.006 -18"><span class='ocrx_word' id='word_1_157' title='bbox 338 3441 433 3520; x_wconf 77' lang='grc' dir='ltr'>ἀλκὴν</span> <span class='ocrx_word' id='word_1_158' title='bbox 455 3438 593 3522; x_wconf 80' lang='grc' dir='ltr'>παρέξων</span> <span class='ocrx_word' id='word_1_159' title='bbox 615 3444 677 3506; x_wconf 92' lang='grc' dir='ltr'>τοῖς</span> <span class='ocrx_word' id='word_1_160' title='bbox 699 3437 770 3521; x_wconf 77' lang='grc' dir='ltr'>πρὶν</span> <span class='ocrx_word' id='word_1_161' title='bbox 792 3438 1018 3519; x_wconf 78' lang='grc' dir='ltr'>ἀλκιμωτάτοις,</span> 
     </span>
     <span class='ocr_line' id='line_1_31' title="bbox 338 3542 1000 3627; baseline 0.003 -21"><span class='ocrx_word' id='word_1_162' title='bbox 338 3542 388 3609; x_wconf 77' lang='grc' dir='ltr'>οῖς</span> <span class='ocrx_word' id='word_1_163' title='bbox 411 3544 484 3625; x_wconf 82' lang='grc' dir='ltr'>ἔργα</span> <span class='ocrx_word' id='word_1_164' title='bbox 506 3549 558 3608; x_wconf 85' lang='grc' dir='ltr'>νῦν</span> <span class='ocrx_word' id='word_1_165' title='bbox 581 3545 701 3626; x_wconf 90' lang='grc' dir='ltr'>ἀνδρεῖα</span> <span class='ocrx_word' id='word_1_166' title='bbox 723 3550 896 3623; x_wconf 90' lang='grc' dir='ltr'>τολμῶντας</span> <span class='ocrx_word' id='word_1_167' title='bbox 918 3543 1000 3627; x_wconf 80' lang='grc' dir='ltr'>λέγω</span> 
     </span>
     <span class='ocr_line' id='line_1_32' title="bbox 336 3646 1015 3732; baseline 0.001 -22"><span class='ocrx_word' id='word_1_168' title='bbox 336 3647 446 3730; x_wconf 89' lang='grc' dir='ltr'>τρόπον</span> <span class='ocrx_word' id='word_1_169' title='bbox 468 3654 617 3730; x_wconf 86' lang='grc' dir='ltr'>γυναικῶν</span> <span class='ocrx_word' id='word_1_170' title='bbox 639 3646 680 3727; x_wconf 76' lang='grc' dir='ltr'>μὴ</span> <span class='ocrx_word' id='word_1_171' title='bbox 704 3648 885 3726; x_wconf 82' lang='grc' dir='ltr'>καπηλεύειν</span> <span class='ocrx_word' id='word_1_172' title='bbox 906 3647 1015 3732; x_wconf 87' lang='grc' dir='ltr'>μάχην.</span> 
     </span>
     <span class='ocr_line' id='line_1_33' title="bbox 1058 3763 1172 3800; baseline -0.009 -1"><span class='ocrx_word' id='word_1_173' title='bbox 1058 3765 1085 3799; x_wconf 70' lang='grc' dir='ltr'>τι</span> <span class='ocrx_word' id='word_1_174' title='bbox 1101 3763 1135 3800; x_wconf 82' lang='lat' dir='ltr'>w.</span> <span class='ocrx_word' id='word_1_175' title='bbox 1147 3765 1172 3798; x_wconf 85' lang='grc' dir='ltr'>α.</span> 
     </span>
    </p>
   </div>
   <div class='ocr_carea' id='block_1_5' title="bbox 0 0 1531 4478">
    <p class='ocr_par' dir='ltr' id='par_1_5' title="bbox 0 0 1531 4478">
     <span class='ocr_line' id='line_1_34' title="bbox 0 0 1531 4478; baseline 0 0"><span class='ocrx_word' id='word_1_176' title='bbox 0 0 1531 4478; x_wconf 95' lang='lat' dir='ltr'> </span> 
     </span>
    </p>
   </div>
  </div>
 </body>
</html>
