3050 4476
627 357 843 406 OXONIENSIS

721 790 741 831 L

231 908 303 966 Dor.
353 904 578 982 Ignaumsumi,
609 904 685 981 quid
719 903 848 964 facitis?
878 924 953 964 mox
986 925 1059 964 erus
1091 904 1236 964 adueniet

436 1004 578 1077 domum,

354 1122 460 1162 -non
481 1100 880 1178 reputatist-aduenienti
900 1101 975 1179 quoi
995 1100 1043 1160 nil
1059 1120 1152 1161 oenoe
1173 1121 1235 1160 ooo·

436 1203 507 1259 tum
527 1199 596 1260 erit

232 1301 304 1361 Dro.
356 1298 503 1358 adueniat
516 1298 577 1374 pol,
596 1317 693 1378 quom
706 1298 834 1360 lubebit.
871 1297 1062 1358 Tranionem
1076 1299 1236 1358 seruolum

355 1396 410 1473 qui
439 1416 513 1456 erus
543 1395 608 1472 ulit,
642 1415 716 1457 eum
744 1416 836 1456 erum
871 1416 929 1474 ego
961 1416 1076 1472 seruos,
1111 1396 1183 1469 ism,
1208 1396 1236 1454 si

437 1494 515 1569 uolt,
539 1493 703 1571 reliquero.

355 1593 440 1652 huno
454 1591 617 1652 hominem
628 1594 720 1670 atque
731 1592 922 1653 Tranionem
936 1613 1001 1653 non
1015 1592 1123 1652 eadem
1137 1592 1236 1669 capiet

438 1690 560 1751 domus.

233 1792 306 1851 Dor.
359 1789 436 1866 quid
456 1789 620 1866 negotist?
670 1791 737 1851 Tru
761 1809 866 1850 meam
890 1790 937 1849 mi
960 1790 1094 1850 amicam
1117 1790 1235 1850 subtra·

438 1888 540 1948 hebet
585 1908 653 1947 rem
674 1907 802 1948 omnem
823 1888 927 1950 habeo.

234 1990 305 2047 Dro.
357 1985 563 2062 peiurissume
581 1986 750 2046 hominum
770 1986 866 2047 homo
887 1988 932 2048 tu.
984 1988 1052 2048 Tra.
1085 2007 1178 2064 quem
1200 1990 1235 2045 tu

437 2084 547 2161 peiuri,
571 2084 685 2160 frutex,

356 2181 546 2243 insimulas?
579 2182 718 2259 peiurn's
738 2182 813 2259 ipse.
844 2184 917 2244 Dro.
943 2185 978 2244 tu
992 2217 1032 2226 -
1047 2184 1116 2244 Tra.
1136 2182 1236 2242 immo

438 2283 586 2342 tu-Dro-
606 2281 733 2357 peiurus
754 2300 795 2342 es.

235 2380 303 2439 Tra.
355 2382 425 2438 uter
459 2378 598 2456 peiurior
631 2382 842 2440 nostrorumst
876 2379 910 2439 in
940 2379 1056 2439 malum
1087 2379 1115 2437 is
1147 2378 1236 2437 abeat

438 2497 570 2538 oruoem.

234 2578 305 2637 Dor,
358 2576 482 2649 Tranio,
506 2576 548 2636 tis
568 2576 673 2653 pudet,
696 2579 728 2637 et
748 2577 808 2652 tui,
830 2578 958 2652 Dromo,

356 2674 540 2735 huiusmodi
560 2668 643 2734 diota
662 2694 730 2750 noe,
753 2675 934 2735 mulionum
954 2675 1077 2751 probra,

357 2772 476 2834 dioere!
504 2776 639 2833 aetatem
661 2793 718 2851 ego
737 2773 849 2833 taeitos
870 2793 928 2833 uos
948 2772 1106 2847 mauelim,

359 2891 453 2948 quam
467 2873 632 2948 proteruus
646 2871 691 2931 ita
704 2891 803 2948 usque
819 2891 887 2931 esse
902 2875 935 2931 et
952 2872 998 2931 ita
1015 2870 1191 2932 maledicos

234 2971 306 3030 Dro.
358 2970 507 3029 eooistum
528 2969 667 3046 priorem
679 2969 782 3046 peiuri
802 2972 946 3045 satorem,

356 3068 438 3127 mihi
458 3067 562 3128 contio
583 3088 667 3128 nuno
688 3068 842 3145 posterior
863 3068 964 3128 datur.

236 3167 305 3227 Tra.
357 3186 481 3227 ueruex.
526 3168 598 3227 Dro.
625 3166 737 3228 frutex.
783 3168 850 3228 Tra.
879 3166 983 3227 delire.
1025 3170 1095 3228 Dro.
1117 3167 1236 3245 uolpes.

439 3267 508 3326 Tra.
532 3264 666 3342 poroule,

1092 3380 1127 3414 W.
1137 3378 1165 3414 1.
1180 3378 1204 3413 L.
