3018 4478
607 348 823 399 OXONIENSIS

668 529 756 571 XXXV

374 624 486 685 Tutela
505 624 592 702 regni
613 624 676 684 fida
697 623 881 699 Britannici,

372 724 513 801 Argylle,
538 725 647 783 cautus
667 743 724 783 nec
744 722 859 800 populo
879 721 976 783 nimie

414 822 564 883 obsistere
584 822 716 882 instanti
736 823 905 895 memento,

279 981 283 1000 Ι
400 995 402 999 Ι
456 940 513 980 nec
534 921 645 980 timida
667 922 740 981 dare
760 921 848 980 frena
869 919 985 996 dextra,

374 1019 534 1096 utrimque
555 1019 647 1079 iustis
667 1019 823 1079 limitibus
843 1019 974 1079 modum

375 1117 466 1176 finire
487 1118 625 1193 prudens
636 1139 644 1192 ;
671 1117 762 1177 laude
783 1117 959 1177 faventium

415 1214 575 1290 immotus,
598 1214 750 1291 infidique
772 1216 918 1274 constans

456 1313 659 1389 opprobrium
680 1313 811 1372 tolerare
831 1312 927 1390 vulgi.

375 1410 499 1470 munita
520 1413 606 1488 gesta
625 1412 757 1487 pectora,
782 1430 822 1470 ne
843 1411 928 1471 diem

376 1511 546 1586 praeponat
566 1508 642 1568 anni
663 1509 755 1569 turba
775 1509 917 1587 negotiis,

417 1626 563 1667 curamve
584 1606 719 1683 depellat
739 1607 800 1668 diei

457 1724 530 1781 prae
552 1704 665 1765 studiis
686 1704 837 1782 fugientis
856 1704 960 1766 horae.

375 1802 461 1862 inter
480 1803 601 1862 furores
621 1823 682 1863 vox
702 1805 757 1863 tua
779 1803 891 1863 civicos

378 1922 435 1961 ceu
455 1921 581 1961 carmen
601 1903 686 1963 auris
705 1906 859 1978 personet,
883 1903 1044 1978 improbus

418 2001 495 2060 dum
516 2000 632 2061 clamor
652 2000 789 2061 alternae
810 1999 967 2061 tumultus

455 2099 630 2176 ingeminat
650 2099 826 2176 regeritque
847 2099 941 2160 rixae.
1002 2102 1004 2109 '

379 2200 412 2258 et
432 2200 468 2258 tu
489 2197 591 2275 sagaci
612 2197 743 2256 consilio
764 2200 875 2274 potens

378 2297 423 2357 sic
443 2297 532 2357 flecte
552 2316 659 2357 rerum
680 2297 757 2373 quot
776 2297 906 2357 venient
925 2297 1010 2357 vices

420 2396 457 2454 ut
476 2394 555 2472 legis
576 2394 754 2471 aeternique
776 2395 896 2455 discant

459 2491 593 2552 foederis
612 2492 647 2555 in
668 2512 837 2555 numerum
857 2493 986 2554 moveri.

1082 2603 1109 2637 Η,
1126 2602 1147 2638 Ε,
1161 2603 1184 2637 Τ.

666 2777 768 2820 XXXVI

218 2873 333 2948 Oedite,
357 2873 450 2933 turba
470 2873 593 2934 minor!
629 2873 818 2951 quidquem
839 2893 896 2934 sua
915 2873 1053 2950 praemia
1074 2873 1176 2933 leudis

259 2992 294 3032 ac
314 2974 388 3032 tuus
408 2971 548 3033 incendit
567 2974 699 3049 pectora,
724 2972 859 3048 Phoebe,
883 2972 978 3047 furor,

218 3071 269 3130 cui
288 3070 389 3130 facilis
409 3090 521 3147 sermo,
546 3070 652 3131 faciles
673 3070 768 3131 risere
790 3071 943 3132 Camenae

259 3168 439 3246 ingeniique
460 3168 551 3228 bonis
572 3169 754 3229 conciliatus
776 3189 873 3245 amor,

219 3267 247 3325 si
267 3267 345 3326 solio
366 3266 503 3343 fratrem,
527 3266 641 3327 Parthi
661 3267 698 3328 de
719 3287 815 3338 more,
840 3268 977 3344 repellat,

259 3384 315 3424 nec
336 3364 456 3424 socium
477 3365 566 3441 regni
586 3365 773 3424 sustinuisse
794 3368 906 3442 queat;

127 3482 132 3493 ·
218 3463 322 3522 fronte
343 3465 430 3540 gerat
450 3463 576 3539 fastum,
600 3463 732 3523 livorem
753 3465 885 3539 pectore,
909 3467 941 3524 et
962 3464 1045 3540 artis,

260 3561 366 3621 enisus
387 3562 501 3638 quibus
522 3564 577 3637 est,
601 3562 702 3622 oderit
722 3562 789 3638 ipse
809 3582 902 3637 suas;

219 3661 320 3719 elevet
339 3659 459 3719 urbano
481 3659 554 3735 risu,
578 3659 742 3737 laudetque
763 3661 921 3738 maligne;
981 3720 984 3725 ,
1038 3738 1040 3741 ¹
1114 3713 1119 3723 ,.

258 3760 407 3833 provocet
426 3758 566 3818 infensos
586 3758 730 3820 blandior
750 3758 817 3836 ipse
837 3760 937 3833 sclee3
