3050 4476
606 345 821 393 OXONIENSIS

684 929 747 971 xcv

344 1026 434 1104 Κεῖνη
457 1028 488 1090 δὲ
511 1031 666 1107 τρομεροῖς
690 1024 796 1106 ὄμματ’
820 1028 954 1107 όμμασιν
977 1025 1045 1087 τότε

341 1131 503 1210 βλέπουσα
524 1128 658 1209 τάνδρός,
679 1131 777 1212 πρᾷον
799 1128 838 1195 ὣς
861 1125 982 1210 παρόνθ’
1006 1128 1071 1211 ὁρᾷ,

341 1232 508 1314 ὑπέφαινεν
529 1231 584 1312 ἥδη
609 1231 721 1314 θάρσος
744 1234 777 1296 έκ
800 1235 903 1314 φόβου
924 1230 1026 1306 πάλιν,

343 1338 429 1423 φωνῇ
453 1335 478 1400 δ’
502 1336 594 1420 ἇραιςῖ
613 1335 717 1419 ῥήματ’
743 1335 850 1420 ἐξαυδξι
874 1336 954 1400 τάδε·

387 1441 414 1504 εῖ
436 1438 471 1518 δή
494 1465 542 1517 συ,
565 1438 681 1515 θάνατε,
705 1441 741 1527 τῇ
762 1444 840 1505 θεῶν
862 1440 965 1523 πομπῇ
987 1437 1076 1520 πάρει

343 1544 376 1607 έκ
398 1545 452 1620 τῆς
474 1543 635 1623 θαλάσσης
659 1546 738 1624 τάμὰ
760 1543 962 1608 καταπαύσων
984 1538 1068 1616 κακά,

343 1645 477 1727 ὁθοθνεχ
501 1646 584 1725 ἥκεις
606 1651 780 1724 τηλικοῦτος
803 1645 845 1711 ὢν
869 1649 952 1724 ἰδεῖν,

343 1748 475 1836 ἐπῄνεσ’,
497 1746 516 1827 ἦ
538 1753 694 1830 ταρβοῦσα
715 1754 836 1831 μᾶλλον
857 1749 955 1836 ᾠόμην

343 1857 442 1917 δεινοῦ
464 1877 493 1916 τι
515 1851 681 1916 δυσθέατον
704 1857 828 1933 ἑρπετοῦ
852 1852 961 1934 στύγος

343 1956 514 2036 ἐφερπύσαι
536 1955 567 2034 μ’
589 1953 637 2032 όν,
659 1952 678 2034 ἢ
700 1957 872 2039 παρακτίαν
895 1958 954 2020 ἆπὸ

342 2059 476 2140 ψάμμαν
500 2059 637 2135 άνελθόυ,
660 2057 679 2137 ἢ
702 2060 728 2123 ’κ
751 2068 870 2142 πετρῶν
894 2065 1070 2140 κατηρεφῦν

342 2163 470 2243 σπείρας
494 2166 637 2242 καθεῖναι,
660 2160 709 2226 καὶ
731 2165 831 2243 βάδην
853 2163 1010 2247 εῖλιγμένα

343 2267 481 2331 αὐτοῖσιν
503 2266 607 2333 ὀστοῖς
629 2265 725 2348 ἄρθρα
747 2273 912 2350 συντρῖψαι
934 2266 1013 2330 τάδε.

345 2368 384 2432 σὺ
407 2368 432 2432 δ’
455 2368 508 2433 οῦν
531 2369 693 2450 πρόσελθε,
716 2368 845 2453 καὶγὰρ
867 2370 1011 2453 εὐτρεπὴς
1033 2370 1091 2451 ἐγὼ

343 2471 449 2554 ψυχὴν
469 2475 615 2553 μεθεῖναι,
636 2473 704 2554 μηδ’
727 2474 768 2538 ἔτ’
791 2477 914 2555 εῖσορῦυ
937 2471 1025 2554 φάος.

345 2576 393 2639 καὶ
414 2575 473 2655 μὴν
496 2577 620 2657 πρέπεις
643 2575 701 2658 γὰρ
725 2582 852 2659 φαιδρὸς
876 2577 915 2643 ὣς
938 2576 987 2640 ἀπ’
1011 2576 1151 2656 ὀμμάτων

343 2683 414 2743 θεδυ
437 2677 591 2758 κικλήσκω
614 2679 653 2755 σ’,
677 2678 799 2761 εῦμενῖης
822 2678 847 2743 δ’
869 2681 938 2760 ἡμῖν
959 2683 1058 2761 γενοῦ.

343 2782 389 2865 ἆρ’
411 2782 463 2846 οῦν
483 2788 579 2866 μυχοῦ
602 2782 719 2866 τύχοιμ’
741 2782 778 2848 ἂν
801 2783 928 2846 έκτόπου
950 2782 1040 2857 τινός,

343 2887 418 2950 ὅπου
440 2891 475 2950 τὸ
497 2886 606 2950 λοιπὸν
629 2888 826 2968 οῖοβουκόλος
848 2886 920 2966 βίον

339 2989 442 3072 άγοιμι
464 2991 566 3070 μηδέν’
589 2993 734 3072 άγριοῦσα
756 2990 905 3070 δαιμόνων
917 3014 928 3063 ,·

343 3091 362 3170 ἢ
384 3094 433 3157 καὶ
456 3091 520 3157 θεοῖ
540 3096 700 3177 χαίρουσιν
722 3095 754 3157 έν
776 3100 896 3174 βροτῦν
918 3097 1027 3167 κακοῖς,

343 3202 443 3279 γελῶν
465 3201 497 3261 δὲ
519 3196 566 3261 καὶ
590 3198 629 3262 σδ
652 3200 687 3282 τῇ
712 3197 877 3283 θανουμένη
900 3195 987 3279 πάρει
1000 3223 1011 3272 ,·

1088 3315 1110 3348 J·
1121 3313 1148 3348 Y.
1160 3312 1180 3346 S·
