<?xml version="1.0" encoding="UTF-8"?>
<!DOCTYPE html PUBLIC "-//W3C//DTD XHTML 1.0 Transitional//EN"
    "http://www.w3.org/TR/xhtml1/DTD/xhtml1-transitional.dtd">
<html xmlns="http://www.w3.org/1999/xhtml" xml:lang="en" lang="en">
 <head>
  <title>
</title>
<meta http-equiv="Content-Type" content="text/html;charset=utf-8" />
  <meta name='ocr-system' content='tesseract 3.04.00' />
  <meta name='ocr-capabilities' content='ocr_page ocr_carea ocr_par ocr_line ocrx_word'/>
</head>
<body>
  <div class='ocr_page' id='page_1' title='image "./novaanthologiao02godlgoog_0096.png"; bbox 0 0 3018 4478; ppageno 0'>
   <div class='ocr_carea' id='block_1_1' title="bbox 619 325 834 374">
    <p class='ocr_par' dir='ltr' id='par_1_1' title="bbox 619 325 834 374">
     <span class='ocr_line' id='line_1_1' title="bbox 619 325 834 374; baseline 0.005 -2"><span class='ocrx_word' id='word_1_1' title='bbox 619 325 834 374; x_wconf 84' lang='lat' dir='ltr'>OXONIENSIS</span> 
     </span>
    </p>
   </div>
   <div class='ocr_carea' id='block_1_2' title="bbox 683 759 760 801">
    <p class='ocr_par' dir='ltr' id='par_1_2' title="bbox 683 759 760 801">
     <span class='ocr_line' id='line_1_2' title="bbox 683 759 760 801; baseline 0.013 -1"><span class='ocrx_word' id='word_1_2' title='bbox 683 759 760 801; x_wconf 85' lang='lat' dir='ltr'>XLVI</span> 
     </span>
    </p>
   </div>
   <div class='ocr_carea' id='block_1_3' title="bbox 347 860 1143 3330">
    <p class='ocr_par' dir='ltr' id='par_1_3' title="bbox 347 860 1071 1258">
     <span class='ocr_line' id='line_1_3' title="bbox 354 860 1057 947; baseline -0.001 -20"><span class='ocrx_word' id='word_1_3' title='bbox 354 863 458 930; x_wconf 81' lang='grc' dir='ltr'>Πόθος</span> <span class='ocrx_word' id='word_1_4' title='bbox 480 860 506 927; x_wconf 86' lang='grc' dir='ltr'>δ’</span> <span class='ocrx_word' id='word_1_5' title='bbox 530 864 635 928; x_wconf 81' lang='grc' dir='ltr'>ἔπειτα</span> <span class='ocrx_word' id='word_1_6' title='bbox 657 864 703 930; x_wconf 86' lang='grc' dir='ltr'>δὶς</span> <span class='ocrx_word' id='word_1_7' title='bbox 720 864 812 930; x_wconf 80' lang='grc' dir='ltr'>τόσος</span> <span class='ocrx_word' id='word_1_8' title='bbox 833 860 864 943; x_wconf 88' lang='grc' dir='ltr'>μ’</span> <span class='ocrx_word' id='word_1_9' title='bbox 885 862 1057 947; x_wconf 79' lang='grc' dir='ltr'>ὑπέρχεται,</span> 
     </span>
     <span class='ocr_line' id='line_1_4' title="bbox 347 964 1071 1052; baseline 0 -22"><span class='ocrx_word' id='word_1_10' title='bbox 347 967 488 1034; x_wconf 74' lang='grc' dir='ltr'>λυθέντος</span> <span class='ocrx_word' id='word_1_11' title='bbox 511 968 630 1050; x_wconf 82' lang='grc' dir='ltr'>ἔχθους·</span> <span class='ocrx_word' id='word_1_12' title='bbox 665 964 740 1052; x_wconf 74' lang='grc' dir='ltr'>κᾷτα</span> <span class='ocrx_word' id='word_1_13' title='bbox 761 973 821 1032; x_wconf 84' lang='grc' dir='ltr'>τῶν</span> <span class='ocrx_word' id='word_1_14' title='bbox 842 965 937 1049; x_wconf 87' lang='grc' dir='ltr'>πάρος</span> <span class='ocrx_word' id='word_1_15' title='bbox 960 968 1071 1046; x_wconf 82' lang='grc' dir='ltr'>φόβον</span> 
     </span>
     <span class='ocr_line' id='line_1_5' title="bbox 353 1062 1030 1154; baseline -0.003 -20"><span class='ocrx_word' id='word_1_16' title='bbox 353 1071 571 1154; x_wconf 76' lang='grc' dir='ltr'>ἀπαλλαγεῖσα</span> <span class='ocrx_word' id='word_1_17' title='bbox 593 1076 668 1135; x_wconf 78' lang='grc' dir='ltr'>κατὰ</span> <span class='ocrx_word' id='word_1_18' title='bbox 689 1071 814 1153; x_wconf 81' lang='grc' dir='ltr'>βάθρων</span> <span class='ocrx_word' id='word_1_19' title='bbox 836 1062 1030 1153; x_wconf 84' lang='grc' dir='ltr'>ὣρμησάμην,</span> 
     </span>
     <span class='ocr_line' id='line_1_6' title="bbox 352 1174 1013 1258; baseline 0.005 -22"><span class='ocrx_word' id='word_1_20' title='bbox 352 1176 450 1258; x_wconf 91' lang='grc' dir='ltr'>χαμαί</span> <span class='ocrx_word' id='word_1_21' title='bbox 469 1200 502 1240; x_wconf 88' lang='grc' dir='ltr'>τε</span> <span class='ocrx_word' id='word_1_22' title='bbox 523 1174 657 1258; x_wconf 78' lang='grc' dir='ltr'>ῥιφθεῖσ’</span> <span class='ocrx_word' id='word_1_23' title='bbox 679 1175 900 1257; x_wconf 77' lang='grc' dir='ltr'>αίματοστογές</span> <span class='ocrx_word' id='word_1_24' title='bbox 923 1175 1013 1254; x_wconf 91' lang='grc' dir='ltr'>δέμας</span> 
     </span>
    </p>

    <p class='ocr_par' dir='ltr' id='par_1_4' title="bbox 352 1277 1143 1775">
     <span class='ocr_line' id='line_1_7' title="bbox 353 1277 990 1362; baseline -0.003 -19"><span class='ocrx_word' id='word_1_25' title='bbox 353 1281 387 1343; x_wconf 91' lang='grc' dir='ltr'>ἐν</span> <span class='ocrx_word' id='word_1_26' title='bbox 409 1277 557 1360; x_wconf 76' lang='grc' dir='ltr'>ἀγκάλαις</span> <span class='ocrx_word' id='word_1_27' title='bbox 578 1278 681 1358; x_wconf 85' lang='grc' dir='ltr'>έθηκα,</span> <span class='ocrx_word' id='word_1_28' title='bbox 705 1280 761 1342; x_wconf 86' lang='grc' dir='ltr'>κάκ</span> <span class='ocrx_word' id='word_1_29' title='bbox 782 1283 891 1362; x_wconf 89' lang='grc' dir='ltr'>χθονδς</span> <span class='ocrx_word' id='word_1_30' title='bbox 914 1278 990 1359; x_wconf 89' lang='grc' dir='ltr'>κάρα</span> 
     </span>
     <span class='ocr_line' id='line_1_8' title="bbox 353 1382 965 1466; baseline -0.003 -19"><span class='ocrx_word' id='word_1_31' title='bbox 353 1383 458 1464; x_wconf 80' lang='grc' dir='ltr'>ἐπῆρα,</span> <span class='ocrx_word' id='word_1_32' title='bbox 480 1382 568 1465; x_wconf 89' lang='grc' dir='ltr'>χείλη</span> <span class='ocrx_word' id='word_1_33' title='bbox 592 1382 813 1465; x_wconf 86' lang='grc' dir='ltr'>προσφέρουσα</span> <span class='ocrx_word' id='word_1_34' title='bbox 833 1385 965 1466; x_wconf 78' lang='grc' dir='ltr'>χείλεσι,</span> 
     </span>
     <span class='ocr_line' id='line_1_9' title="bbox 353 1483 1143 1573; baseline -0.001 -24"><span class='ocrx_word' id='word_1_35' title='bbox 353 1483 511 1573; x_wconf 80' lang='grc' dir='ltr'>θνῄσκονπι</span> <span class='ocrx_word' id='word_1_36' title='bbox 534 1486 560 1550; x_wconf 87' lang='grc' dir='ltr'>δ’</span> <span class='ocrx_word' id='word_1_37' title='bbox 582 1486 669 1551; x_wconf 82' lang='grc' dir='ltr'>εἶπον</span> <span class='ocrx_word' id='word_1_38' title='bbox 691 1484 780 1551; x_wconf 85' lang='grc' dir='ltr'>πάνθ’</span> <span class='ocrx_word' id='word_1_39' title='bbox 804 1483 852 1550; x_wconf 89' lang='grc' dir='ltr'>όσ’</span> <span class='ocrx_word' id='word_1_40' title='bbox 874 1489 1034 1569; x_wconf 76' lang='grc' dir='ltr'>εἴργασμαι</span> <span class='ocrx_word' id='word_1_41' title='bbox 1058 1483 1143 1549; x_wconf 92' lang='grc' dir='ltr'>κακά.</span> 
     </span>
     <span class='ocr_line' id='line_1_10' title="bbox 353 1587 1100 1673; baseline 0 -20"><span class='ocrx_word' id='word_1_42' title='bbox 353 1590 370 1652; x_wconf 85' lang='grc' dir='ltr'>ὁ</span> <span class='ocrx_word' id='word_1_43' title='bbox 392 1587 419 1654; x_wconf 89' lang='grc' dir='ltr'>δ’</span> <span class='ocrx_word' id='word_1_44' title='bbox 441 1589 478 1654; x_wconf 79' lang='grc' dir='ltr'>αὖ</span> <span class='ocrx_word' id='word_1_45' title='bbox 499 1616 537 1671; x_wconf 92' lang='grc' dir='ltr'>με</span> <span class='ocrx_word' id='word_1_46' title='bbox 559 1594 658 1654; x_wconf 83' lang='grc' dir='ltr'>δεινὸν</span> <span class='ocrx_word' id='word_1_47' title='bbox 679 1589 882 1672; x_wconf 84' lang='grc' dir='ltr'>προσβλέπει,</span> <span class='ocrx_word' id='word_1_48' title='bbox 905 1588 1019 1654; x_wconf 82' lang='grc' dir='ltr'>κᾶπειτ’</span> <span class='ocrx_word' id='word_1_49' title='bbox 1041 1589 1100 1673; x_wconf 81' lang='grc' dir='ltr'>ἐγδι</span> 
     </span>
     <span class='ocr_line' id='line_1_11' title="bbox 352 1691 993 1775; baseline 0 -19"><span class='ocrx_word' id='word_1_50' title='bbox 352 1693 463 1774; x_wconf 87' lang='grc' dir='ltr'>έμαθον</span> <span class='ocrx_word' id='word_1_51' title='bbox 484 1699 558 1775; x_wconf 88' lang='grc' dir='ltr'>πρὸς</span> <span class='ocrx_word' id='word_1_52' title='bbox 580 1695 647 1761; x_wconf 87' lang='grc' dir='ltr'>οίας</span> <span class='ocrx_word' id='word_1_53' title='bbox 669 1696 826 1775; x_wconf 79' lang='grc' dir='ltr'>συμφορὰς</span> <span class='ocrx_word' id='word_1_54' title='bbox 850 1691 993 1772; x_wconf 79' lang='grc' dir='ltr'>ἐλήλυθα.</span> 
     </span>
    </p>

    <p class='ocr_par' dir='ltr' id='par_1_5' title="bbox 351 1796 1071 2292">
     <span class='ocr_line' id='line_1_12' title="bbox 352 1796 1034 1881; baseline 0.003 -23"><span class='ocrx_word' id='word_1_55' title='bbox 352 1796 369 1858; x_wconf 85' lang='grc' dir='ltr'>ὁ</span> <span class='ocrx_word' id='word_1_56' title='bbox 392 1797 418 1862; x_wconf 90' lang='grc' dir='ltr'>δ’</span> <span class='ocrx_word' id='word_1_57' title='bbox 440 1797 480 1864; x_wconf 82' lang='grc' dir='ltr'>ὣς</span> <span class='ocrx_word' id='word_1_58' title='bbox 503 1798 602 1878; x_wconf 83' lang='grc' dir='ltr'>άφῆκε</span> <span class='ocrx_word' id='word_1_59' title='bbox 624 1801 743 1878; x_wconf 83' lang='grc' dir='ltr'>πνεῦμα</span> <span class='ocrx_word' id='word_1_60' title='bbox 764 1797 943 1881; x_wconf 80' lang='grc' dir='ltr'>τοῦσχατον,</span> <span class='ocrx_word' id='word_1_61' title='bbox 964 1797 1034 1861; x_wconf 90' lang='grc' dir='ltr'>τότε</span> 
     </span>
     <span class='ocr_line' id='line_1_13' title="bbox 352 1897 1058 1983; baseline 0.004 -19"><span class='ocrx_word' id='word_1_62' title='bbox 352 1900 480 1967; x_wconf 82' lang='grc' dir='ltr'>πένθους</span> <span class='ocrx_word' id='word_1_63' title='bbox 502 1925 535 1966; x_wconf 87' lang='grc' dir='ltr'>τε</span> <span class='ocrx_word' id='word_1_64' title='bbox 557 1900 669 1981; x_wconf 86' lang='grc' dir='ltr'>βέλεσι</span> <span class='ocrx_word' id='word_1_65' title='bbox 691 1897 739 1965; x_wconf 83' lang='grc' dir='ltr'>καὶ</span> <span class='ocrx_word' id='word_1_66' title='bbox 763 1902 857 1965; x_wconf 91' lang='grc' dir='ltr'>πόθου</span> <span class='ocrx_word' id='word_1_67' title='bbox 881 1899 1058 1983; x_wconf 88' lang='grc' dir='ltr'>κεντουμένη</span> 
     </span>
     <span class='ocr_line' id='line_1_14' title="bbox 352 2002 959 2088; baseline -0.002 -20"><span class='ocrx_word' id='word_1_68' title='bbox 352 2005 385 2068; x_wconf 85' lang='grc' dir='ltr'>ἐκ</span> <span class='ocrx_word' id='word_1_69' title='bbox 407 2009 463 2088; x_wconf 81' lang='grc' dir='ltr'>γῆς</span> <span class='ocrx_word' id='word_1_70' title='bbox 484 2002 601 2086; x_wconf 81' lang='grc' dir='ltr'>Ἐρινὺς</span> <span class='ocrx_word' id='word_1_71' title='bbox 624 2005 663 2072; x_wconf 81' lang='grc' dir='ltr'>ὥς</span> <span class='ocrx_word' id='word_1_72' title='bbox 685 2031 731 2072; x_wconf 91' lang='grc' dir='ltr'>τις</span> <span class='ocrx_word' id='word_1_73' title='bbox 754 2003 959 2086; x_wconf 84' lang='grc' dir='ltr'>ἐξανίσταμαι,</span> 
     </span>
     <span class='ocr_line' id='line_1_15' title="bbox 351 2106 1071 2193; baseline 0.001 -22"><span class='ocrx_word' id='word_1_74' title='bbox 351 2106 471 2190; x_wconf 88' lang='grc' dir='ltr'>γέροντι</span> <span class='ocrx_word' id='word_1_75' title='bbox 493 2108 529 2190; x_wconf 91' lang='grc' dir='ltr'>δ’,</span> <span class='ocrx_word' id='word_1_76' title='bbox 554 2111 650 2189; x_wconf 88' lang='grc' dir='ltr'>όσπερ</span> <span class='ocrx_word' id='word_1_77' title='bbox 671 2108 837 2192; x_wconf 77' lang='grc' dir='ltr'>γουυπετὴς</span> <span class='ocrx_word' id='word_1_78' title='bbox 860 2113 955 2173; x_wconf 87' lang='grc' dir='ltr'>κεῖται</span> <span class='ocrx_word' id='word_1_79' title='bbox 978 2107 1071 2193; x_wconf 72' lang='grc' dir='ltr'>πέδῳ,</span> 
     </span>
     <span class='ocr_line' id='line_1_16' title="bbox 352 2210 990 2292; baseline 0.006 -17"><span class='ocrx_word' id='word_1_80' title='bbox 352 2212 457 2279; x_wconf 85' lang='grc' dir='ltr'>άστοῖς</span> <span class='ocrx_word' id='word_1_81' title='bbox 479 2239 511 2278; x_wconf 91' lang='grc' dir='ltr'>τε</span> <span class='ocrx_word' id='word_1_82' title='bbox 534 2217 612 2276; x_wconf 82' lang='grc' dir='ltr'>πᾶσι</span> <span class='ocrx_word' id='word_1_83' title='bbox 634 2211 729 2277; x_wconf 92' lang='grc' dir='ltr'>τοιάδ’</span> <span class='ocrx_word' id='word_1_84' title='bbox 750 2210 870 2290; x_wconf 82' lang='grc' dir='ltr'>ἐξεῖπον</span> <span class='ocrx_word' id='word_1_85' title='bbox 891 2212 990 2292; x_wconf 85' lang='grc' dir='ltr'>μόλις·</span> 
     </span>
    </p>

    <p class='ocr_par' dir='ltr' id='par_1_6' title="bbox 350 2313 1118 2920">
     <span class='ocr_line' id='line_1_17' title="bbox 352 2313 1083 2399; baseline -0.001 -20"><span class='ocrx_word' id='word_1_86' title='bbox 352 2313 376 2379; x_wconf 75' lang='grc' dir='ltr'><em>ὦ</em></span> <span class='ocrx_word' id='word_1_87' title='bbox 397 2322 486 2399; x_wconf 79' lang='grc' dir='ltr'>μῶρε,</span> <span class='ocrx_word' id='word_1_88' title='bbox 507 2316 586 2380; x_wconf 82' lang='grc' dir='ltr'>τοῦτ’</span> <span class='ocrx_word' id='word_1_89' title='bbox 607 2316 679 2397; x_wconf 78' lang='grc' dir='ltr'>ἴσθ’,</span> <span class='ocrx_word' id='word_1_90' title='bbox 703 2316 742 2382; x_wconf 79' lang='grc' dir='ltr'>ὦς</span> <span class='ocrx_word' id='word_1_91' title='bbox 765 2314 870 2379; x_wconf 86' lang='grc' dir='ltr'>τέκνου</span> <span class='ocrx_word' id='word_1_92' title='bbox 892 2314 1002 2395; x_wconf 88' lang='grc' dir='ltr'>πέφυκ’</span> <span class='ocrx_word' id='word_1_93' title='bbox 1024 2316 1083 2396; x_wconf 78' lang='grc' dir='ltr'>ἐγὼ</span> 
     </span>
     <span class='ocr_line' id='line_1_18' title="bbox 350 2416 1118 2498; baseline 0 -14"><span class='ocrx_word' id='word_1_94' title='bbox 350 2419 429 2484; x_wconf 83' lang='grc' dir='ltr'>τοῦδ’</span> <span class='ocrx_word' id='word_1_95' title='bbox 452 2418 622 2498; x_wconf 81' lang='grc' dir='ltr'>αὖτοέντης,</span> <span class='ocrx_word' id='word_1_96' title='bbox 646 2420 697 2483; x_wconf 92' lang='grc' dir='ltr'>καί</span> <span class='ocrx_word' id='word_1_97' title='bbox 718 2444 756 2483; x_wconf 86' lang='grc' dir='ltr'>σε</span> <span class='ocrx_word' id='word_1_98' title='bbox 779 2416 917 2485; x_wconf 81' lang='grc' dir='ltr'>καὶτοὺς</span> <span class='ocrx_word' id='word_1_99' title='bbox 939 2418 1010 2484; x_wconf 81' lang='grc' dir='ltr'>σοὺς</span> <span class='ocrx_word' id='word_1_100' title='bbox 1034 2416 1118 2484; x_wconf 85' lang='grc' dir='ltr'>θεοὺς</span> 
     </span>
     <span class='ocr_line' id='line_1_19' title="bbox 351 2521 949 2607; baseline -0.002 -21"><span class='ocrx_word' id='word_1_101' title='bbox 351 2521 537 2604; x_wconf 72' lang='grc' dir='ltr'>ἐξηπάτησα,</span> <span class='ocrx_word' id='word_1_102' title='bbox 559 2525 647 2588; x_wconf 90' lang='grc' dir='ltr'>τόνδε</span> <span class='ocrx_word' id='word_1_103' title='bbox 668 2528 721 2587; x_wconf 79' lang='grc' dir='ltr'>τοῦ</span> <span class='ocrx_word' id='word_1_104' title='bbox 742 2524 838 2587; x_wconf 91' lang='grc' dir='ltr'>πόθου</span> <span class='ocrx_word' id='word_1_105' title='bbox 859 2521 949 2607; x_wconf 80' lang='grc' dir='ltr'>χάριν</span> 
     </span>
     <span class='ocr_line' id='line_1_20' title="bbox 352 2625 932 2708; baseline 0.003 -20"><span class='ocrx_word' id='word_1_106' title='bbox 352 2625 510 2708; x_wconf 81' lang='grc' dir='ltr'>σφάξασα,</span> <span class='ocrx_word' id='word_1_107' title='bbox 531 2625 633 2706; x_wconf 91' lang='grc' dir='ltr'>πάσης</span> <span class='ocrx_word' id='word_1_108' title='bbox 655 2628 753 2693; x_wconf 81' lang='grc' dir='ltr'>αἰτίας</span> <span class='ocrx_word' id='word_1_109' title='bbox 776 2626 932 2708; x_wconf 74' lang='grc' dir='ltr'>ἀκήρατον.</span> 
     </span>
     <span class='ocr_line' id='line_1_21' title="bbox 351 2725 1026 2811; baseline -0.003 -18"><span class='ocrx_word' id='word_1_110' title='bbox 351 2729 499 2795; x_wconf 86' lang='grc' dir='ltr'>άπέπτυσ’</span> <span class='ocrx_word' id='word_1_111' title='bbox 521 2730 623 2811; x_wconf 85' lang='grc' dir='ltr'>άμφω,</span> <span class='ocrx_word' id='word_1_112' title='bbox 648 2730 698 2794; x_wconf 84' lang='grc' dir='ltr'>καί</span> <span class='ocrx_word' id='word_1_113' title='bbox 718 2755 754 2795; x_wconf 96' lang='grc' dir='ltr'>σε</span> <span class='ocrx_word' id='word_1_114' title='bbox 777 2725 825 2794; x_wconf 83' lang='grc' dir='ltr'>καὶ</span> <span class='ocrx_word' id='word_1_115' title='bbox 849 2728 933 2796; x_wconf 85' lang='grc' dir='ltr'>θεοὺς</span> <span class='ocrx_word' id='word_1_116' title='bbox 956 2728 1026 2809; x_wconf 72' lang='grc' dir='ltr'>ἅμα,</span> 
     </span>
     <span class='ocr_line' id='line_1_22' title="bbox 351 2830 1000 2920; baseline 0.003 -23"><span class='ocrx_word' id='word_1_117' title='bbox 351 2834 469 2900; x_wconf 90' lang='grc' dir='ltr'>δολίαις</span> <span class='ocrx_word' id='word_1_118' title='bbox 491 2832 632 2915; x_wconf 87' lang='grc' dir='ltr'>γυναικδς</span> <span class='ocrx_word' id='word_1_119' title='bbox 654 2838 805 2916; x_wconf 83' lang='grc' dir='ltr'>μηχαναῖς</span> <span class='ocrx_word' id='word_1_120' title='bbox 826 2830 1000 2920; x_wconf 70' lang='grc' dir='ltr'>ᾑρημένους.</span> 
     </span>
    </p>

    <p class='ocr_par' dir='ltr' id='par_1_7' title="bbox 349 2934 1079 3124">
     <span class='ocr_line' id='line_1_23' title="bbox 350 2934 1079 3021; baseline 0.005 -22"><span class='ocrx_word' id='word_1_121' title='bbox 350 2936 397 3019; x_wconf 82' lang='grc' dir='ltr'>ἆρ’</span> <span class='ocrx_word' id='word_1_122' title='bbox 419 2934 486 3021; x_wconf 81' lang='grc' dir='ltr'>οὐχὶ</span> <span class='ocrx_word' id='word_1_123' title='bbox 507 2945 615 3019; x_wconf 79' lang='grc' dir='ltr'>μῶρος,</span> <span class='ocrx_word' id='word_1_124' title='bbox 636 2935 668 3004; x_wconf 89' lang='grc' dir='ltr'>δς</span> <span class='ocrx_word' id='word_1_125' title='bbox 691 2937 743 3001; x_wconf 84' lang='grc' dir='ltr'>τὸν</span> <span class='ocrx_word' id='word_1_126' title='bbox 764 2937 915 3021; x_wconf 85' lang='grc' dir='ltr'>άγχιστον</span> <span class='ocrx_word' id='word_1_127' title='bbox 936 2940 1079 3020; x_wconf 87' lang='grc' dir='ltr'>στυγεῖς;</span> 
     </span>
     <span class='ocr_line' id='line_1_24' title="bbox 349 3038 995 3124; baseline 0 -19"><span class='ocrx_word' id='word_1_128' title='bbox 349 3041 433 3122; x_wconf 80' lang='grc' dir='ltr'>ὑμεῖς</span> <span class='ocrx_word' id='word_1_129' title='bbox 455 3038 490 3118; x_wconf 89' lang='grc' dir='ltr'>δ’,</span> <span class='ocrx_word' id='word_1_130' title='bbox 513 3041 638 3106; x_wconf 83' lang='grc' dir='ltr'>άνακτες</span> <span class='ocrx_word' id='word_1_131' title='bbox 659 3038 682 3102; x_wconf 81' lang='grc' dir='ltr'>ὦ</span> <span class='ocrx_word' id='word_1_132' title='bbox 704 3040 803 3121; x_wconf 88' lang='grc' dir='ltr'>μάτην</span> <span class='ocrx_word' id='word_1_133' title='bbox 824 3041 995 3124; x_wconf 82' lang='grc' dir='ltr'>τιμώμενοι,</span> 
     </span>
    </p>

    <p class='ocr_par' dir='ltr' id='par_1_8' title="bbox 350 3144 1034 3330">
     <span class='ocr_line' id='line_1_25' title="bbox 352 3144 1003 3223; baseline 0.003 -16"><span class='ocrx_word' id='word_1_134' title='bbox 352 3146 398 3210; x_wconf 85' lang='grc' dir='ltr'>οίς</span> <span class='ocrx_word' id='word_1_135' title='bbox 418 3144 487 3211; x_wconf 80' lang='grc' dir='ltr'>τοὺς</span> <span class='ocrx_word' id='word_1_136' title='bbox 509 3145 641 3211; x_wconf 83' lang='grc' dir='ltr'>δικαίους</span> <span class='ocrx_word' id='word_1_137' title='bbox 664 3145 879 3208; x_wconf 83' lang='grc' dir='ltr'>ἆντιτίσασθαι</span> <span class='ocrx_word' id='word_1_138' title='bbox 900 3145 1003 3223; x_wconf 86' lang='grc' dir='ltr'>καλόν,</span> 
     </span>
     <span class='ocr_line' id='line_1_26' title="bbox 350 3246 1034 3330; baseline 0.007 -21"><span class='ocrx_word' id='word_1_139' title='bbox 350 3247 447 3327; x_wconf 80' lang='grc' dir='ltr'>λύπης</span> <span class='ocrx_word' id='word_1_140' title='bbox 470 3247 494 3313; x_wconf 88' lang='grc' dir='ltr'>δ’</span> <span class='ocrx_word' id='word_1_141' title='bbox 518 3248 644 3315; x_wconf 77' lang='grc' dir='ltr'>ἀνόσους</span> <span class='ocrx_word' id='word_1_142' title='bbox 666 3246 734 3315; x_wconf 79' lang='grc' dir='ltr'>τοὺς</span> <span class='ocrx_word' id='word_1_143' title='bbox 759 3248 866 3316; x_wconf 82' lang='grc' dir='ltr'>κακοὺς</span> <span class='ocrx_word' id='word_1_144' title='bbox 888 3248 1034 3330; x_wconf 87' lang='grc' dir='ltr'>μεθιέναι,</span> 
     </span>
    </p>
   </div>
   <div class='ocr_carea' id='block_1_4' title="bbox 353 3350 1187 3504">
    <p class='ocr_par' dir='ltr' id='par_1_9' title="bbox 353 3350 1187 3504">
     <span class='ocr_line' id='line_1_27' title="bbox 353 3350 1090 3433; baseline 0.008 -19"><span class='ocrx_word' id='word_1_145' title='bbox 353 3352 488 3417; x_wconf 82' lang='grc' dir='ltr'>ὄλοισθε·</span> <span class='ocrx_word' id='word_1_146' title='bbox 519 3355 619 3420; x_wconf 87' lang='grc' dir='ltr'>τοίους</span> <span class='ocrx_word' id='word_1_147' title='bbox 643 3352 686 3417; x_wconf 90' lang='grc' dir='ltr'>τίς</span> <span class='ocrx_word' id='word_1_148' title='bbox 709 3351 735 3416; x_wconf 88' lang='grc' dir='ltr'>δ’</span> <span class='ocrx_word' id='word_1_149' title='bbox 757 3350 795 3416; x_wconf 83' lang='grc' dir='ltr'>δν</span> <span class='ocrx_word' id='word_1_150' title='bbox 817 3351 852 3416; x_wconf 82' lang='grc' dir='ltr'>οὗ</span> <span class='ocrx_word' id='word_1_151' title='bbox 873 3358 961 3433; x_wconf 92' lang='grc' dir='ltr'>μισοῖ</span> <span class='ocrx_word' id='word_1_152' title='bbox 981 3353 1067 3420; x_wconf 80' lang='grc' dir='ltr'>θεούς</span> <span class='ocrx_word' id='word_1_153' title='bbox 1079 3379 1090 3427; x_wconf 83' lang='lat'>,·</span> 
     </span>
     <span class='ocr_line' id='line_1_28' title="bbox 1082 3468 1187 3504; baseline 0.01 -1"><span class='ocrx_word' id='word_1_154' title='bbox 1082 3468 1109 3504; x_wconf 73' lang='grc' dir='ltr'>Δ.</span> <span class='ocrx_word' id='word_1_155' title='bbox 1121 3468 1144 3504; x_wconf 71' lang='lat' dir='ltr'>B·</span> <span class='ocrx_word' id='word_1_156' title='bbox 1159 3469 1187 3504; x_wconf 81' lang='lat' dir='ltr'>H·</span> 
     </span>
    </p>
   </div>
   <div class='ocr_carea' id='block_1_5' title="bbox 0 0 1514 4478">
    <p class='ocr_par' dir='ltr' id='par_1_10' title="bbox 0 0 1514 4478">
     <span class='ocr_line' id='line_1_29' title="bbox 0 0 1514 4478; baseline 0 2"><span class='ocrx_word' id='word_1_157' title='bbox 0 0 1514 4478; x_wconf 95' lang='lat' dir='ltr'> </span> 
     </span>
    </p>
   </div>
  </div>
 </body>
</html>
