3028 4468
616 310 833 360 OXONIENSIS

677 801 771 842 cxnvr

385 896 468 972 Ergo
489 896 614 957 audiet
634 900 704 975 pete
725 898 775 956 bis
794 900 900 959 vocate
921 898 1055 975 Vectim‚

385 1031 447 1087 qua
467 1010 555 1071 fumo
575 1012 684 1090 procul
705 1012 792 1072 urbis
812 1015 844 1072 et
864 1013 1005 1073 tumultu

383 1125 457 1185 hino
477 1128 570 1202 atque
591 1126 665 1187 inde
686 1126 868 1187 cadentibus
888 1126 1027 1187 tenebris

383 1243 488 1317 specto
509 1240 573 1300 iam
593 1242 694 1320 magis
714 1261 749 1302 ac
769 1242 871 1319 magis
890 1241 1007 1320 nigrari

383 1354 546 1414 hortulum
567 1354 641 1415 sine
656 1375 742 1416 more
763 1355 966 1433 comptiorem

383 1469 457 1530 clivi
477 1469 582 1530 nobile
603 1491 697 1546 quem
717 1470 828 1548 iugum
850 1475 974 1530 coercet.

382 1586 428 1645 nil
450 1605 559 1644 cenam
580 1585 640 1644 tibi
660 1586 783 1645 condiet
803 1585 935 1664 maligni

381 1700 434 1759 sed
456 1700 503 1759 sal
523 1699 691 1774 candidior,
716 1700 839 1761 salubre
858 1701 978 1775 vinum,

381 1818 413 1874 et
432 1814 518 1874 solus
537 1834 632 1892 prope
652 1814 808 1875 fabulator
826 1817 892 1876 ales

381 1929 476 2006 pinus
496 1928 635 1988 culmine
655 1931 757 1990 tectus
777 1930 957 2007 increpabit.

381 2064 456 2105 nam
477 2044 585 2121 pineta
604 2046 715 2105 tenent
735 2048 900 2123 utramque
920 2048 1041 2123 partem

379 2180 457 2237 quae
478 2158 585 2219 flabris
606 2160 795 2220 hiemalibus
814 2162 970 2238 resistant,

379 2279 411 2335 et
432 2295 546 2336 canens
565 2275 674 2351 procul
693 2276 859 2354 ingruente
879 2277 977 2337 fluctu

378 2410 434 2467 per
454 2393 571 2450 cretam
591 2390 668 2450 furit
689 2391 773 2451 unda
793 2411 908 2468 perque
928 2393 1078 2452 harenas:

379 2526 441 2583 qua
462 2506 549 2564 lento
570 2506 648 2581 pede
668 2506 765 2565 lactea
785 2505 844 2565 sub
865 2525 932 2566 arce

378 2621 406 2678 si
426 2619 491 2679 fors
512 2619 606 2696 longa
626 2620 729 2680 carina
748 2620 917 2698 navigabit,

377 2738 408 2795 et
429 2756 484 2813 per
504 2736 584 2796 lucis
604 2736 664 2796 iter
684 2736 768 2796 vices
789 2740 820 2797 et
842 2738 971 2797 umbrae

376 2852 440 2912 iam
461 2851 619 2912 sublustre
640 2851 757 2911 secabit
777 2851 812 2910 in
832 2851 1034 2928 profundum,

378 2969 483 3025 tecum
504 2965 653 3026 disserere
673 2965 810 3043 improbi
830 2965 938 3026 licebit

378 3083 410 3140 et
431 3079 538 3159 culpas
559 3083 591 3141 et
612 3081 747 3159 origines
768 3079 875 3144 duelli.
