3050 4476
628 349 842 398 OXONIENSIS

280 962 363 1044 δέξαι
386 965 415 1044 μ’
439 962 462 1028 ὦ
484 964 645 1048 τριπόθητ’,
667 964 770 1047 ηὔχου,
794 959 875 1042 δέξαι
896 968 951 1028 τὸν
972 964 1094 1044 έρῶντα·

325 1118 455 1199 δέξομαι,
479 1119 641 1198 ἆντηύδιον,
664 1119 736 1198 κάμὲ
758 1120 816 1201 γὰρ
839 1116 932 1201 ἔσχεν
955 1117 1038 1197 έριος.

282 1272 404 1356 ἄμπεχ’,
427 1273 516 1353 ἔφην,
538 1273 698 1356 χείρεσσιν
720 1271 792 1353 έμὸν
815 1269 917 1350 δέμας,
939 1268 1057 1352 ἄμπεχε
1079 1272 1203 1353 χαίρων·

324 1427 379 1490 ἶσα
400 1426 460 1509 γὰρ
483 1427 647 1509 ἀμφότεροι
670 1425 891 1506 συνδεόέμεσθα
914 1426 1007 1510 πόθῳ.

283 1585 316 1647 οὐ
338 1587 396 1666 γὰρ
419 1584 510 1665 ἐχρῆν
532 1579 626 1660 δεῖξαι
648 1589 702 1646 τὸν
721 1581 793 1662 έμὸν
815 1582 935 1655 πόθον,·
967 1582 1001 1644 οὐ
1023 1584 1081 1663 γὰρ
1105 1582 1226 1660 ἀληθῆ,·

326 1737 409 1801 πάντ’
434 1738 546 1804 έδίδιος·
577 1739 665 1816 κάμοὶ
687 1742 765 1819 δῶρα
787 1740 923 1819 προσῆκε
944 1741 1057 1817 πορεῖν.

282 1891 443 1974 χρήμασιν,
468 1889 588 1979 ἀγλαΐῃ,
612 1891 727 1969 κάλλει,
750 1890 867 1971 νεότητι
891 1890 1051 1971 κεκάσμην·

326 2051 435 2125 μοῦνος
457 2045 531 2127 έριος
553 2044 673 2109 πάντων
696 2043 780 2125 ἄξιος
800 2047 989 2126 ἀντιλαβεῖν.

284 2207 370 2265 τοῦδε
391 2203 448 2283 γὰρ
471 2203 594 2284 ἵμειρον,
619 2199 668 2266 σοὶ
692 2202 815 2266 τᾶνδικα
837 2200 924 2266 πάντ’
947 2203 1119 2280 ἀποδοῦναι,

329 2356 380 2418 καί
399 2355 430 2417 σ’
452 2356 525 2419 ἆσαι
547 2355 684 2421 ποθέοντ’
706 2359 800 2423 αἴτιος
821 2356 898 2420 οὖσα
919 2358 1022 2420 πόθου.

287 2513 312 2574 εἰ
334 2512 367 2574 δὲ
390 2510 428 2574 σὺ
449 2515 501 2575 τοῦ
523 2516 639 2594 χρυσοῦ
661 2513 783 2593 φαύλην
806 2511 888 2577 κόνιν
911 2513 994 2575 εἵλου
1016 2509 1159 2591 ἀμοιβήν,

330 2666 363 2728 οὐ
387 2663 508 2745 νέμεσις
530 2664 676 2747 παρέχειν
698 2664 749 2729 σοὶ
772 2665 835 2729 τάδ’
858 2664 1016 2750 ἐφιεμένῳ.

288 2819 341 2882 εἴθ’
364 2818 407 2884 ἔτ’
432 2819 504 2902 ἔρως
528 2820 566 2889 σὲ
589 2825 709 2901 κατεῖχε
733 2820 907 2921 διαμπερές,ι
926 2820 966 2886 ὥς
988 2845 1056 2884 τινα
1078 2821 1188 2903 τέχνην

330 2974 428 3055 ηὗρον,
451 2973 641 3041 ἆνελπίστιος
662 2972 687 3037 τ’
710 2973 905 3039 ἆνταπέδιοκα
927 2974 1025 3060 χάριν,

289 3129 327 3194 ὡς
348 3130 468 3207 μᾶλλόν
492 3128 522 3191 σ’
544 3130 670 3210 ἐφίλουν
693 3128 741 3193 καὶ
762 3133 883 3210 μᾶλλον
905 3130 945 3194 ἔτ’
969 3130 1040 3215 ἄχρι
1063 3134 1212 3209 τελευτῆς,

332 3282 466 3364 κᾶλεγες,
488 3281 507 3363 ἦ
529 3291 638 3349 πασῶν
658 3283 705 3363 ἥδ’
727 3284 785 3366 ἄρα
806 3286 980 3362 πιστοτάτη.
