3018 4478
591 385 806 434 OXONIENSIS

263 540 439 605 πάντα-τῦ
460 548 524 624 γῶν
546 542 640 622 άδιον,
662 543 736 623 άτὰρ
759 542 846 607 πέλει
868 540 939 607 δδέα
961 541 1069 607 πάντα.

264 646 343 732 παδῇ
365 647 421 723 μὲν
444 646 518 711 κατὰ
542 646 645 712 κλιτὺν
665 649 745 724 ὕδωρ
768 646 845 723 άλις,
869 643 948 729 ἀμφὶ
970 647 1004 711 δέ
1025 645 1139 711 πολλοὶ

263 748 404 831 ὠγυγίοις
426 751 561 832 τρόζοντι
583 748 742 817 πελειάδες
764 753 796 815 ἐν
818 749 1003 830 πτελέαισιν,

264 850 311 916 ταὶ
333 853 358 917 δ’
383 855 492 937 ἀθρόον
514 860 683 935 βομβεῦντι
706 851 774 920 ποτὶ
798 854 950 934 σμάνεσσι
972 854 1128 935 μέλισσαι.

1026 989 1050 1023 G.
1063 988 1088 1024 G.
1101 990 1125 1023 A.
1139 990 1165 1023 Ι.

687 1320 715 1360 11

198 1419 232 1477 B.
264 1415 345 1496 Πρδς
369 1415 471 1480 τοῦδ’
495 1416 652 1497 ἐπέμφθης
665 1443 676 1492 ,·

199 1523 242 1582 M.
656 1526 707 1585 τοῦ
729 1525 969 1605 στρατηγοῦντος
992 1519 1091 1583 πόλει.

198 1627 231 1684 Β.
262 1627 326 1690 τοῖς
349 1625 484 1705 πρόσθεν
506 1625 558 1711 οῦν
581 1624 611 1688 π’
633 1627 774 1705 αἰτοῦμεν
796 1625 960 1709 ἀγγέλλειν
981 1625 1055 1698 ἴσα,’

263 1725 345 1812 μάχῃ
367 1725 398 1806 μ’
420 1730 547 1795 ἑλόντας
569 1729 634 1793 εἶτα
655 1732 798 1807 πωλῆσαι
820 1729 919 1808 δέμας.

261 1828 285 1894 ὦ
309 1834 381 1895 θεοί.

263 1937 293 1997 τί
315 1935 350 2015 δὴ
372 1936 475 2001 παθόν
497 1960 543 2003 τις
564 1938 679 2022 ἐγγελᾷ
699 1942 763 2003 τοῖς
779 1934 930 2014 τλῆμοσιν
942 1960 953 2009 ,·

263 2041 280 2100 ὁ
303 2037 328 2102 δ’
350 2040 403 2103 οῦν
423 2040 548 2107 λέοντος
571 2040 684 2105 οὐδέπω
707 2039 884 2119 τεθνηκότος

262 2142 343 2223 δέρμ’
366 2143 542 2223 ἐμπολήσας
564 2144 652 2208 ὤλετ’
671 2146 704 2208 έν
727 2142 802 2228 θήρα
825 2144 939 2221 δαμείς.

263 2246 397 2314 πολλοῦς
419 2245 445 2311 δ’
466 2247 504 2312 άν
525 2247 617 2329 ῆμιῦν,
640 2248 716 2323 οἶδα,
739 2245 876 2332 πατρῴας
897 2251 1010 2328 χθονὸς

264 2349 362 2432 τάφος
384 2351 544 2435 κατάσχοι·
574 2352 643 2418 τούς
666 2351 702 2428 δ’,
725 2353 815 2415 ὁποῖα
837 2349 971 2433 σήμερον

265 2453 420 2534 δράσουσι,
442 2460 541 2538 χαλκῆ
564 2455 670 2522 δέλτος
693 2454 872 2539 ἐγγραφεῐσ’
896 2457 966 2536 ἐρεῖ.

264 2557 292 2620 οἳ
314 2558 340 2622 δ’
360 2558 397 2622 δν
421 2565 519 2626 καλῶς
543 2560 683 2626 θανόντες
705 2561 738 2624 έν
759 2557 888 2622 Γάλλων
910 2557 990 2640 πέδῳ
1026 2596 1032 2609 x

262 2667 428 2742 κρυφθῦσι,
453 2665 558 2743 καίπερ
582 2666 614 2729 ἐν
636 2664 757 2745 κόπροις
779 2661 968 2742 τεθαμμένοι,

262 2765 332 2828 ἀλλ’
355 2767 488 2833 εὐκλεεῖς
509 2765 636 2849 γένοιντ’
659 2767 706 2846 ἄν,
730 2766 769 2830 ὣς
792 2768 823 2832 ἐς
846 2763 975 2846 οὐρανδν

262 2867 371 2947 σήπων
393 2869 514 2949 άνέλξει
536 2875 653 2951 Φοῖβος
676 2871 811 2950 ἐντίμους
833 2868 961 2950 νεκρούς.

264 2977 390 3049 κομπεῖν
409 2973 434 3036 δ’
458 2974 550 3038 ἔασόν
571 2973 616 3052 μ’·
649 2978 716 3039 εἰπὲ
738 2975 780 3059 τῷ
805 2970 1007 3058 στρατηλάτῃ,

263 3076 299 3138 οὐ
321 3073 414 3160 σχῆμ’
436 3081 539 3159 ἑορτῆς
560 3079 643 3143 ἀλλὰ
665 3075 750 3161 τᾶργ’
771 3077 843 3157 ἡμῖν
865 3075 1000 3156 πρέπειν·

261 3179 358 3243 πάλαι
378 3178 436 3263 γδρ
459 3182 586 3264 ὄμβροις
608 3187 751 3266 δυσχερεῖ
772 3181 798 3244 θ’
822 3183 900 3245 όδῶν
920 3178 1026 3262 πλάνῳ

262 3285 315 3360 τῆς
337 3285 453 3365 πρόσθε
475 3287 591 3366 χρυσῆς
613 3284 729 3350 πάντας
751 3284 906 3347 ἐλλείπειν
926 3283 1045 3365 χλιδῆς.

261 3385 324 3449 οὐδ’
346 3387 398 3452 οῦν
420 3387 548 3469 πτέρωμ’
573 3389 669 3468 εὕροις
691 3386 729 3450 δν
752 3388 881 3467 οὐδαμοῦ
903 3389 1085 3464 στρατοῦ,-

260 3486 340 3575 ᾕδῆ
363 3489 495 3555 πέποιθα
515 3490 618 3571 μηδέν’
641 3490 778 3574 άψεσθαι
802 3494 909 3572 φυγῆς·

262 3593 297 3654 τί
316 3590 351 3669 δ’,
375 3596 401 3658 εἰ
423 3600 477 3659 τδν
499 3594 557 3674 ἐξω
581 3597 695 3675 κόσμον
716 3593 872 3674 ἤμβλυνεν
893 3593 1004 3677 χρόνος
1016 3617 1027 3667 3

262 3693 340 3762 Ζεδς
362 3696 419 3780 γὰρ
442 3696 587 3780 ξυνίστωρ
610 3699 649 3765 ὡς
670 3697 777 3780 θράσει
799 3697 827 3780 γ’
849 3695 1015 3776 ῆσκήμεθιι.

1099 3824 1127 3858 Δ.
1145 3824 1166 3857 S.
