3018 4478
627 369 842 418 OXONIENSIS

693 860 774 903 XXIV

235 972 414 1033 Occideris?
437 973 557 1033 Phoebi
577 993 634 1033 nec
654 974 767 1035 texerit
786 974 887 1035 infula
906 977 1019 1050 vatem,

233 1092 289 1131 nec
309 1071 449 1132 numeris
469 1071 591 1148 pellens
611 1075 795 1150 acceptaque
815 1072 882 1133 vita
903 1073 1073 1133 Camenis?

232 1171 302 1244 heu,
325 1173 436 1231 vatum
456 1172 633 1230 extremum
653 1191 798 1247 supreme
817 1171 971 1248 imponite
991 1171 1080 1232 lecte.

232 1269 339 1345 patria,
363 1289 425 1330 vox
446 1269 534 1329 siluit
554 1270 613 1329 tibi
633 1271 779 1330 maxima.
824 1269 907 1329 culta
928 1269 1048 1330 colebas

233 1366 334 1423 mater
353 1383 458 1424 amore
478 1364 530 1441 pio
551 1367 671 1426 natum.
716 1364 779 1425 iam
799 1367 832 1424 te
853 1384 953 1441 neque
974 1364 1072 1423 saltus

233 1462 339 1538 nativi,
363 1482 474 1522 somno
495 1482 551 1522 nec
573 1463 699 1522 mollier
718 1463 823 1538 herba,
846 1462 981 1523 marisve

233 1560 436 1637 implacidum
457 1561 533 1621 litus
544 1583 552 1635 ;
580 1581 645 1621 non
665 1561 795 1622 floribus
815 1562 926 1621 hortus
947 1560 1057 1630 oderis,

233 1677 297 1718 non
316 1659 383 1718 fetu
403 1659 555 1719 tremulos
576 1679 709 1720 curvans
728 1659 889 1721 vindemia
909 1678 1020 1733 ramos,

234 1776 298 1815 nen
316 1761 449 1833 veteres,
471 1758 579 1819 Fauno
600 1758 713 1827 dilecta
733 1758 854 1835 cubilia,
879 1758 975 1818 silvae

234 1857 397 1916 ostendent
418 1856 533 1917 iterum
554 1856 661 1916 doctae
681 1856 815 1933 vestigia
834 1856 968 1933 plantae.

233 1957 324 2031 rupta
345 1955 407 2015 levi
428 1955 484 2015 leti
504 1957 590 2015 tactu
611 1955 687 2032 lyra.
733 1955 880 2014 carminis
901 1956 1009 2014 auctor

234 2053 351 2112 aeterni
371 2053 463 2129 periit
483 2074 539 2113 nec
560 2053 621 2113 erit
641 2054 824 2115 revocabilis
845 2073 992 2130 unquam.

273 2150 398 2228 iamque
419 2152 474 2212 ubi
495 2172 527 2212 se
548 2155 667 2212 maesta
688 2153 826 2212 cendunt
846 2150 1003 2229 ferrugine
1024 2151 1117 2227 luces,

234 2249 336 2308 debita
357 2250 434 2309 dum
455 2250 527 2319 fatis
548 2250 664 2328 refugit
683 2252 772 2310 frons
793 2250 878 2310 arida
899 2270 1014 2320 casum,

233 2350 373 2425 sertaque
394 2348 570 2408 deformant
590 2351 706 2409 terram
728 2349 852 2425 delapsa
870 2347 997 2423 vietam,

233 2447 329 2523 fitque
346 2446 405 2505 sali
420 2447 525 2525 fragor
541 2450 572 2507 et
590 2468 756 2507 nemorum
777 2450 809 2507 et
829 2447 896 2506 loca
913 2449 1024 2521 cuncta
1043 2450 1234 2523 pererrat,—

233 2545 309 2604 haec
329 2565 423 2621 super
443 2546 550 2606 orbata
571 2546 736 2606 crebrescit
755 2566 901 2605 murmur
921 2545 959 2605 ab
981 2546 1064 2619 urbe,

233 2644 431 2722 absentisque
452 2646 541 2705 dolor
559 2646 664 2705 luctus
683 2645 830 2705 incendit.
872 2648 905 2703 11
924 2644 973 2703 illi

233 2763 290 2803 nec
310 2743 433 2820 lapsum
454 2744 568 2804 metuit
589 2763 646 2803 nec
667 2743 727 2803 scit
747 2743 944 2820 languescere
965 2743 1080 2803 laurus.

232 2841 291 2900 hos
310 2842 363 2902 ille
384 2842 485 2903 evasit
504 2842 597 2917 soles,
618 2842 669 2902 his
689 2842 790 2901 sidera
809 2843 914 2901 mutat

232 2939 396 3000 imbribus.
440 2941 585 3001 autumni
605 2961 664 3001 nos
683 2941 849 3000 flammeus
869 2938 980 2999 asserit
1001 2941 1100 3016 arder,

233 3038 283 3098 fax
303 3039 406 3100 brevis
428 3039 572 3099 autumni
583 3062 591 3114 ;
613 3060 671 3100 nec
690 3039 823 3116 longum
843 3039 976 3115 tempus,
1000 3041 1032 3098 et
1052 3038 1173 3100 instant

233 3155 298 3195 non
317 3141 459 3198 exeratae
480 3137 635 3197 taciturna
656 3137 782 3197 silentia
802 3137 939 3198 brumae.

193 3246 196 3252 '
231 3254 289 3293 ver
307 3235 400 3295 illum
421 3235 582 3295 assiduum
602 3238 634 3295 et
655 3236 743 3294 nullo
762 3235 918 3296 violabilis
939 3255 1015 3295 aevo

231 3332 316 3392 fama
337 3333 431 3394 habet
450 3335 483 3393 et
502 3333 594 3393 sertis
616 3336 709 3410 caput
729 3332 961 3394 immortalibus
983 3337 1080 3395 ornat

1093 3446 1117 3482 F.
1129 3446 1163 3479 DE
1175 3447 1198 3480 Ρ.
