3050 4476
633 361 848 411 OXONIENSIS

705 592 759 634 0111

279 686 306 746 0
327 685 401 745 socii
423 687 494 763 0111,
518 707 591 751 eum
610 689 732 750 venerit
752 691 830 750 hora
849 710 1001 767 suprema,

319 818 361 878 sit
381 819 508 880 salicem
527 821 563 880 in
583 822 706 882 tumulo
727 842 841 898 ponere
862 843 936 883 eura
956 844 1044 884 meo:

278 949 364 1011 frons
385 952 550 1013 lacrimosa
568 954 677 1031 placet,
701 955 800 1031 pallor
820 955 1020 1016 dulcissimus
1039 955 1094 1015 ille
1114 960 1181 1017 eat:

318 1087 460 1162 proteget
478 1088 512 1145 et
532 1087 635 1146 somni
655 1107 720 1146 non
741 1087 845 1165 gravis
865 1088 978 1148 umbra
997 1088 1109 1150 locum.

1136 1202 1165 1237 Η·
1178 1201 1202 1237 Β.

711 1630 752 1671 01

277 1724 341 1785 Ver
361 1726 443 1787 mihi
462 1728 618 1804 fingebam
639 1729 759 1789 somnis
779 1728 846 1788 sine
867 1728 930 1788 fine
949 1726 1085 1800 morari;

317 1828 447 1886 naturae
467 1830 588 1888 veteres
608 1827 691 1887 nolle
713 1827 813 1887 redire
833 1826 924 1887 vices.

276 1923 367 2000 nigra
387 1925 553 1986 videbatur
571 1926 660 1987 furno
679 1926 740 2002 via,
764 1925 854 2002 nigra
873 1925 1013 2005 pruinis:

318 2024 391 2083 ante
412 2024 489 2084 foris
510 2025 645 2101 populus
665 2025 761 2086 verba
782 2025 882 2086 aliena
903 2024 998 2102 loqui

277 2119 344 2196 ipse
365 2122 475 2183 domos
498 2123 667 2183 hominum
691 2124 782 2200 longe
803 2124 1031 2201 strepitumque
1052 2123 1233 2201 relinquens

317 2221 405 2281 visus
425 2222 460 2280 in
479 2223 665 2282 umbrosum
686 2223 827 2283 sentibus
848 2223 894 2282 ire
914 2242 1040 2296 nemus3

276 2319 417 2380 sentibus
436 2320 575 2397 indignis
595 2320 766 2381 maerentia
785 2324 927 2398 tempora
947 2321 1072 2398 cingor:

315 2419 416 2494 qualis
436 2419 476 2479 ob
494 2419 684 2479 ineolumem
705 2440 823 2496 querna
842 2440 957 2480 corona
976 2419 1090 2480 virum.

274 2515 348 2578 inde
368 2520 576 2578 revertentem
597 2537 689 2578 saeva
709 2538 760 2578 me
781 2538 855 2580 voce
876 2518 1033 2579 laeesaunt

316 2617 348 2674 et
369 2616 457 2691 pueri
477 2619 509 2675 et
529 2616 615 2676 canis
635 2616 705 2676 alba
725 2620 847 2676 senecta
867 2617 973 2677 eomie.

275 2732 331 2789 per
350 2713 417 2774 fora
437 2734 552 2791 perque
571 2715 640 2775 vias
660 2714 796 2775 trivialia
814 2716 910 2775 verba
929 2714 1080 2774 canebant

320 2814 394 2874 ‘ent
421 2813 477 2873 ubi
497 2816 580 2873 serta
600 2833 710 2890 gerens
731 2813 847 2889 spinea,
871 2813 988 2873 mentis
1008 2813 1119 2889 inops!

276 2910 393 2970 mentis
412 2910 512 2987 inops,
536 2911 683 2988 omnique
703 2931 798 2972 10001
817 2911 967 2988 puerilior
986 2932 1069 2973 aevo·

316 3011 387 3068 tum
406 3008 512 3069 visum
532 3012 656 3070 nostrae
677 3029 797 3070 numen
816 3010 922 3070 adesse
941 3009 1020 3070 viae.

274 3105 342 3167 lene
363 3108 556 3168 susurrantis
575 3108 734 3168 fulserunt
754 3127 809 3168 ora
829 3127 885 3185 per
907 3108 1051 3168 umbrae:

315 3206 482 3282 arrisitque
501 3227 610 3267 meum
631 3206 763 3267 comiter
783 3207 836 3266 ille
857 3207 960 3267 decus·

270 3304 402 3382 porrigit
421 3305 520 3365 effuso
540 3305 715 3366 radiantem
733 3305 854 3366 lumine
875 3305 1024 3380 dextram,

312 3402 350 3461 fit
370 3402 467 3463 simul
487 3404 629 3481 adposita
648 3404 737 3464 frons
757 3403 897 3465 rediviva
917 3423 1030 3464 manu:

271 3500 343 3561 inde
364 3501 458 3562 refert
478 3523 542 3562 non
562 3502 616 3562 ille
637 3502 745 3563 dolens
766 3501 919 3563 similisve
939 3502 1057 3564 dolent'

311 3599 450 3660 carmina
469 3601 646 3676 pectoribus
665 3601 720 3661 1111
740 3601 887 3677 capienda
907 3601 994 3662 mein.

1087 3713 1111 3746 R.
1124 3712 1155 3744 W·
1169 3711 1193 3746 R.

311 3874 354 3932 12*
