3050 4476
618 326 834 389 ox0u1aus1s
1170 342 1227 401 159

387 518 466 577 quae
486 519 542 576 per
561 499 729 575 inmensas,
753 519 833 577 vaga
853 497 953 574 turba,
976 500 1077 558 terras

386 597 521 658 subditis
541 598 661 659 mundo
682 596 827 658 recinunt
847 596 1026 674 frequentes

385 716 460 758 voce
480 698 512 757 te
532 697 661 758 divum:
688 699 745 757 tua
765 696 813 757 fas
832 695 932 757 beatis

469 814 524 855 ora
543 795 635 857 tueri.

388 895 425 953 tu
445 895 534 969 potes
555 912 664 954 muros
684 892 853 954 hominum
874 890 1034 967 inpiorum

387 989 526 1053 scindere
547 994 580 1051 et
600 993 723 1052 turmas
743 991 877 1052 retinere
898 991 1023 1050 dextra:

386 1092 422 1149 tu
442 1089 560 1166 premis
580 1089 710 1150 Titanas
730 1108 888 1166 ovansque
909 1087 1011 1148 tristis

468 1187 572 1248 mittis
591 1188 627 1248 in
647 1206 726 1248 oras.

386 1281 491 1342 fronte
511 1281 637 1343 divinos
656 1281 809 1342 iaculatus
829 1280 914 1360 ignis

386 1379 522 1458 porrigis
541 1380 604 1440 late
624 1380 718 1443 decus
737 1382 828 1457 atque
849 1398 973 1454 nomen,

384 1478 452 1539 vim
473 1478 681 1555 superborum
700 1478 879 1538 truculenta
898 1478 996 1539 donec

466 1577 578 1637 obruat
597 1576 691 1638 unda.

686 2088 762 2129 xcw

262 2185 311 2244 Tu
332 2184 433 2262 capies
455 2184 561 2260 oculis,
585 2185 727 2263 capimus
747 2204 806 2244 nos
827 2202 909 2260 aure,
932 2183 1106 2258 Menoeceu,

263 2303 357 2360 quam
377 2284 480 2344 multo
500 2284 622 2344 assultu
642 2287 804 2361 portarum
824 2282 966 2361 ingentia
986 2283 1106 2359 septem

262 2381 398 2442 claustra
418 2382 532 2456 labent,
556 2385 674 2459 quanta
693 2382 813 2443 resonis
834 2382 919 2441 Mars
938 2381 1021 2441 mole
1041 2380 1176 2441 vehatur

261 2481 379 2541 axibus.
425 2482 458 2539 at
478 2500 578 2557 neque
598 2480 663 2540 iam
682 2481 780 2541 frenis
800 2480 938 2542 tinnitus
958 2499 1056 2540 aeuus

261 2598 317 2639 nec
338 2582 437 2639 cessat
458 2579 614 2640 clamorve
634 2579 713 2641 viris
733 2580 887 2641 stridorve
908 2579 1039 2655 sagittis,

262 2677 503 2754 cornipedumve
524 2680 650 2754 putrem
670 2679 815 2756 quatiens
835 2679 907 2739 silet
926 2677 1045 2755 ungula
1065 2694 1220 2751 campum.

261 2774 387 2836 assidua
407 2776 575 2853 strepitant
595 2796 743 2838 saxorum
764 2777 914 2855 grandine
935 2777 1037 2836 muri:

259 2872 312 2933 hic
332 2893 427 2950 supra
446 2877 557 2949 turres,
580 2874 633 2935 hic
653 2877 789 2935 structae
814 2875 951 2935 carmine
971 2876 1088 2950 portae,

260 2971 445 3032 vulneribus
466 2972 606 3032 titubant
626 2973 851 3051 geminatisque
871 2973 987 3033 ictibus
1006 2971 1146 3045 horrent,

259 3071 355 3132 ariete
377 3070 492 3131 ferrato
513 3072 597 3131 Mars
616 3073 655 3132 ut
675 3074 771 3133 tonat.
816 3071 919 3149 accipe
939 3090 1032 3132 voces

259 3189 338 3245 quas
358 3169 434 3229 urbs
454 3168 542 3229 intus
563 3171 642 3246 agat,
666 3188 762 3246 quam
782 3189 847 3228 non
866 3168 1010 3230 laetabile
1030 3188 1177 3229 murmur

259 3266 385 3328 vincula
405 3270 623 3343 praemetuens
644 3267 731 3328 sicat.
775 3270 951 3345 nuptaeque
971 3267 1154 3345 puellaeque

258 3365 290 3424 et
310 3366 436 3440 matres,
459 3367 492 3424 et
514 3364 569 3441 qui
589 3365 690 3425 dulcis
711 3365 805 3425 modo
825 3365 947 3426 lumina
966 3366 1060 3442 vitae,

257 3463 349 3523 balba
368 3462 488 3537 cohors,
513 3462 623 3538 sortiti,
647 3467 679 3523 et
699 3483 777 3541 quos
797 3467 936 3525 extrema
957 3467 1101 3525 senectus

257 3564 348 3621 nocte
370 3561 506 3636 umbrat,
529 3562 678 3637 prostrati
698 3563 802 3640 adytis
821 3584 878 3639 per
897 3564 1009 3624 limina
1028 3563 1148 3640 passim

257 3659 430 3721 sollicitant
449 3658 579 3735 planctu
600 3659 688 3721 divos
708 3665 901 3741 poscuntque
922 3663 1067 3723 salutem.

1080 3771 1104 3807 F.
1116 3770 1152 3806 DE
1163 3772 1187 3806 P.
