3028 4468
598 353 813 401 OXONIENSIS

207 511 341 571 fulmina
362 531 507 588 percusso
529 512 655 589 rapiunt
675 512 755 572 irata
775 512 903 573 sinistra

206 668 474 745 praecipitantque
495 670 562 729 solo
583 670 748 746 crepitanti
768 670 904 746 pondere
924 670 1043 729 lances:

207 825 288 884 mira
309 825 427 901 loquor,
450 826 612 886 sedenim
633 830 777 905 congesta
798 826 911 886 cubilia
932 826 1017 902 picae

207 983 383 1057 inveniunt,
407 983 553 1060 luteoque
574 984 729 1044 intextam
749 984 865 1060 pariete
885 985 1056 1061 torquem.’
1134 1054 1138 1061 .

208 1140 348 1214 dixerat3
376 1142 408 1199 et
428 1141 660 1201 tacuit-mens
681 1145 787 1200 autem
808 1141 939 1201 immota
959 1142 1117 1202 resistit-

207 1296 269 1370 ille,
294 1296 436 1356 locuturo
457 1298 578 1373 similis,
602 1298 658 1358 sed
678 1298 766 1358 nulla
787 1298 871 1357 foras
891 1317 954 1360 vox

206 1454 361 1513 truditur:
389 1474 424 1514 os
444 1455 531 1530 rugis
550 1455 663 1531 glaciat
683 1475 774 1515 mens
795 1456 894 1530 anxia,
918 1456 1024 1532 quales

207 1611 290 1671 vitra
311 1613 423 1670 notant
444 1611 563 1688 gelidae
583 1611 721 1672 brumali
740 1612 904 1690 aspergine
925 1612 1052 1673 formae.

1107 1742 1126 1775 J.
1141 1742 1166 1776 A.
1181 1743 1204 1775 G.

654 2302 776 2343 CLXVIII

207 2400 268 2460 Sed
289 2419 346 2458 sua
366 2420 456 2459 mens
477 2399 647 2475 hominem,
672 2419 737 2458 non
757 2399 830 2459 diva
850 2399 988 2475 pecunia,
1012 2398 1059 2457 dit
1079 2402 1100 2459 t.

206 2497 312 2557 vivere
332 2501 462 2557 naturae
484 2498 544 2557 scis
565 2497 809 2557 convenienter?
835 2500 956 2573 egestas

207 2615 263 2654 nec
284 2598 401 2655 terrore
422 2598 543 2672 premet
563 2616 620 2654 nec
640 2615 786 2671 praesens
807 2596 900 2670 anget
919 2595 1070 2670 egentem.

210 2695 261 2752 ‘at
281 2714 433 2770 magnum
452 2696 501 2754 est
522 2694 605 2770 gazis
626 2695 731 2753 oeulos
752 2693 978 2769 praestringere
999 2691 1108 2769 vulgi!

207 2791 333 2851 divitias
354 2792 493 2866 miserae,
518 2791 685 2850 hominum
706 2790 869 2866 locupletis
889 2790 924 2848 in
945 2810 1005 2864 ore,

206 2889 353 2965 pauperis
373 2889 555 2963 introrsum,
580 2889 627 2946 nil
646 2908 798 2964 magnum
817 2889 850 2946 et
870 2888 985 2963 grande
1006 2889 1152 2966 videntis,

207 2988 261 3047 sed
281 2987 415 3046 minima
434 2991 466 3046 et
486 3007 592 3045 rerum
613 2986 720 3046 sordes
739 2988 772 3045 et
791 2985 867 3045 vilia
889 2990 1046 3063 quaeque!

207 3086 304 3147 servit
324 3085 473 3145 avaritiae
494 3105 550 3144 nec
571 3085 658 3161 largo
678 3104 807 3143 munere
829 3085 929 3143 terrae

207 3187 372 3245 contentus
393 3202 594 3260 quaecunque
615 3183 714 3241 latent
734 3182 818 3241 mala
838 3182 952 3241 damna
972 3203 1028 3258 per
1049 3185 1155 3244 orbem

208 3284 329 3359 quaerit
349 3283 445 3342 homo
467 3283 560 3358 atque
580 3282 694 3341 effossa
713 3280 804 3356 rapit.
845 3281 921 3340 deus
943 3282 1049 3341 omnia
1068 3284 1206 3358 prudens

207 3402 285 3459 quae
306 3381 451 3458 prodesse
473 3382 596 3456 queant,
621 3379 709 3438 nullo
730 3379 867 3437 tollenda
888 3378 1000 3455 labore,

206 3481 241 3540 in
261 3482 410 3557 promptu
431 3478 543 3555 posuit,
568 3477 789 3555 quaerentibus
810 3477 924 3536 obtulit
945 3479 1048 3553 ultro,

206 3579 346 3638 condidit
367 3577 577 3653 abstrusitque
598 3577 749 3636 nocentia.
795 3576 865 3653 quis
885 3596 1049 3653 pereamus

205 3678 354 3751 eruimus),
380 3696 457 3753 quae
479 3676 597 3735 defodit
617 3678 730 3735 natura
751 3677 895 3752 deusque.

1088 3785 1121 3818 W.
1136 3784 1162 3819 B.
1174 3784 1201 3817 Η.
