3018 4478
624 348 840 398 OXONIENSIS

687 679 770 719 XLIII

390 787 480 848 Eheu
501 790 641 849 vetustas
663 790 825 852 Pieridum
846 793 956 851 domos

390 889 481 963 urget
501 907 556 964 per
576 908 690 948 aevum
709 910 773 949 nox
793 890 977 950 taciturnior

431 985 466 1043 ni
488 986 567 1046 forte
588 987 730 1046 desuetos
752 988 869 1048 doloris

472 1083 615 1161 improba
633 1085 683 1146 vis
703 1106 851 1146 numeros
874 1086 1017 1146 resolvat.

392 1185 491 1242 testor
510 1183 667 1260 nigrantis
689 1185 826 1244 eulmine
848 1185 1000 1262 Delphico

292 1307 301 1324 ·
392 1280 499 1353 silvas,
520 1284 553 1341 et
574 1283 635 1341 alte
656 1283 824 1359 Carpathio
844 1283 965 1343 insulas

430 1382 527 1459 ponto
548 1381 724 1457 eminentis,
749 1385 780 1442 et
801 1382 958 1442 Minervae

473 1498 551 1555 quae
573 1479 675 1556 gelido
695 1482 778 1538 secat
799 1500 892 1539 amne
914 1500 987 1539 rura

393 1575 515 1653 Ilissus,
539 1579 571 1637 et
591 1580 622 1636 te
643 1577 785 1654 margine
807 1578 898 1638 devio

392 1674 447 1750 qui
467 1676 570 1736 volvis
592 1696 667 1735 auro
688 1676 820 1735 flumina
841 1677 986 1736 turbidus

431 1773 604 1845 Maeandre‚
625 1794 682 1834 vos
702 1777 827 1834 montes
847 1775 961 1835 sacrati

473 1872 619 1947 carmine,
643 1875 711 1932 tam
731 1874 852 1934 validos
872 1875 972 1950 poetis

397 1970 451 2049 qui
471 1970 649 2030 concitastis
670 1974 797 2047 pectora
815 1973 850 2032 in
869 1971 1027 2049 impetus;

399 2089 456 2130 vos
476 2070 613 2130 fontium
634 2070 745 2144 undae,
769 2091 932 2131 murmure
953 2092 1030 2149 quae
1051 2074 1139 2150 gravi

433 2167 511 2228 olim
531 2168 717 2244 strepebatis
737 2188 794 2245 per
814 2168 960 2228 umbram

472 2286 567 2344 quam
588 2269 732 2326 veterum
752 2266 853 2342 pietas
874 2267 1001 2328 colebat.

393 2367 490 2426 donee
511 2365 609 2442 priori
629 2365 702 2424 sede
723 2365 925 2426 Heliconides

391 2484 508 2525 oessere
529 2466 672 2538 maestae,
697 2463 796 2524 Paroa
816 2464 882 2523 suis
903 2463 1001 2524 simul

431 2583 540 2625 aversa
560 2562 652 2623 Grais
672 2562 840 2638 invidebat,

472 2665 504 2722 et
525 2661 631 2720 Latios
652 2661 768 2737 petiere
790 2680 926 2737 campos.

391 2781 501 2839 rogum
521 2761 675 2820 Camenae
696 2760 814 2819 scilieet
833 2760 949 2836 impios

392 2860 482 2920 odere
502 2859 610 2932 fastus,
634 2858 734 2934 plebis
754 2857 902 2917 inertiam

432 2958 583 3017 damnant
602 2957 736 3032 eaedem,
760 2975 838 3034 quae
858 2955 998 3032 superbit

471 3055 577 3116 vinela
596 3075 654 3114 suo
673 3054 861 3133 imposuisse
881 3054 981 3114 eollo:

393 3173 467 3213 mox
488 3156 524 3213 ut
544 3154 675 3214 Latinae
697 3155 831 3226 cesserat
850 3152 971 3213 indoles

391 3252 513 3313 excelsa
532 3252 642 3329 gentis,
667 3251 834 3312 consilium
855 3250 921 3311 deis

433 3349 515 3411 sedit
536 3350 764 3410 Britannorum
785 3350 890 3410 refirso

475 3448 576 3509 einata
597 3448 663 3509 solo
683 3468 825 3527 reparare
846 3468 927 3510 saxa.

1092 3558 1117 3593 G·
1134 3558 1159 3594 A.
1178 3556 1198 3593 Β.
