3028 4468
625 337 841 386 OXONIENSIS

678 693 786 736 cuvn

362 795 443 878 Νικξι
466 797 500 856 τὸ
522 790 659 873 μέλλειν·
682 791 748 875 ,ούχ
769 791 841 874 ὁρᾷς
864 791 946 855 ὅπως
966 790 1048 869 μένει

362 899 378 960 ὁ
402 898 559 979 φρόνιμος,
581 895 756 976 ὁρμαίνονσι
779 895 803 958 δ’
827 893 958 974 ἄφρονες
979 893 1049 956 λίαν
1061 917 1072 966 ,·

361 1002 400 1068 ὡς
422 1003 466 1067 είς
489 1000 623 1083 θέατρον,
644 999 685 1078 μὴ
707 996 991 1080 παρεσκευασμένης

360 1107 484 1185 σκηνῆς,
507 1104 574 1187 ἄγει
596 1129 642 1169 τις
664 1108 758 1184 χορὸν
781 1102 1001 1183 ἀγωνιούμενος

360 1208 416 1288 ἤδη
440 1208 601 1294 τραγῳδός,
625 1209 696 1288 πρίν
718 1232 751 1271 τε
774 1206 825 1270 καί
844 1205 898 1269 τιν’
923 1206 1054 1286 ἁρμόσαι

359 1312 462 1394 λύραν,
486 1311 643 1391 ἀναβολὴν
665 1309 874 1392 φροιμιύζεται
896 1309 1028 1390 φθάσας.

360 1418 415 1495 ἤδη
438 1419 495 1498 γὰρ
519 1415 599 1479 εἶδον
621 1412 671 1479 ἐπὶ
692 1414 781 1498 λόφκρ
803 1413 961 1493 βεβηκότα

360 1517 454 1600 ἄνδρα
475 1519 654 1601 στρατηγόν,
678 1518 818 1604 πανταχῇ
841 1518 990 1596 θεώμενον

362 1624 391 1686 εί
410 1649 475 1689 πως
496 1622 688 1706 ύφαρπόσειε
711 1606 828 1704 καιρίαν
851 1620 947 1699 ἀκμὴν

361 1726 410 1807 ἐφ’
434 1723 453 1812 ᾗ
475 1725 510 1789 τὸ
532 1729 619 1790 νικᾶν
641 1722 690 1789 καὶ
713 1731 747 1788 τὸ
770 1729 911 1788 νικᾶσθαι
932 1724 1027 1807 ῥέπει·

360 1831 446 1912 ταγοὶ
469 1830 500 1893 δὲ
524 1833 723 1910 δυσφοροῦσι,
746 1830 792 1913 χὼ
814 1829 893 1894 λεὼς
915 1828 1034 1908 βρέμει,

360 1932 416 2012 ἤδη
439 1935 472 1998 δὲ
492 1930 590 2011 τόξων
612 1932 688 1996 αὐτὰ
710 1934 885 2016 προύκπηδξι
908 1932 988 2012 βέλη

359 2038 532 2119 ἓπενθορεῖν
553 2063 586 2101 τε
609 2035 703 2103 δαΐοις
727 2038 881 2118 ἱμείρεται,

355 2138 462 2205 Ἀιδον
485 2140 562 2204 κύων
584 2141 624 2207 ὦς
646 2141 762 2228 ἀγκύλῃ
786 2139 983 2223 κατάσχετος·

360 2245 448 2312 αὐτὸς
471 2244 497 2307 δ’
519 2245 599 2325 ὅμως
621 2244 757 2323 ἕστηκεν,
782 2243 842 2308 οὐδ’
866 2245 1026 2325 ἐπείγεται,

361 2351 490 2429 στρατοῦ
512 2347 538 2412 δ’
561 2349 596 2433 Ic}
617 2350 674 2427 μὲν
696 2353 793 2429 θροῦν,
817 2349 852 2432 ἓξι
875 2348 899 2412 δ’
916 2349 1079 2426 ἀπιστίαν,

360 2451 453 2534 τύχας
476 2452 628 2517 ἔλόσσονς
652 2454 776 2519 ἐλπίδας
798 2450 824 2515 τ’
848 2449 989 2530 ἀναξίους

359 2555 478 2638 χαίρειν
500 2554 563 2618 κατ’
585 2555 675 2637 οὖρον
698 2554 867 2638 φερομένας
890 2554 964 2621 τέως
988 2555 1082 2635 ἐφείς.

1099 2671 1121 2706 J.
1133 2672 1160 2706 U.
1174 2673 1197 2705 P.

666 2956 789 2998 CXLVIII

270 3051 458 3112 huminibus
479 3052 573 3112 modo
595 3052 688 3112 redde
709 3055 808 3128 notae,
831 3051 887 3112 ubi
907 3052 1019 3129 pocula
1038 3055 1156 3129 eumis3

310 3149 484 3211 luminibus
504 3151 636 3211 referem
657 3170 722 3209 non
742 3170 830 3211 eecue
850 3150 916 3228 ipse
937 3154 1046 3227 notee3

271 3268 325 3308 eeu
346 3248 434 3325 mihi,
458 3268 530 3309 eum
550 3248 674 3324 biberis,
696 3249 761 3308 sole
782 3249 817 3309 in
837 3250 1012 3327 quincunce
1034 3251 1190 3330 relinques

311 3347 423 3422 oscula,
447 3348 602 3408 sufficient
622 3348 728 3408 oscula
747 3347 814 3407 sola
833 3349 922 3409 mth.

271 3464 336 3504 non
356 3444 468 3505 vinum
489 3446 564 3506 satis
585 3449 651 3506 eet:
674 3446 792 3524 aliquid
813 3447 975 3508 caelestius
996 3451 1083 3525 optat

311 3543 390 3602 acris
410 3543 445 3603 in
465 3544 586 3605 ardenti
607 3547 730 3621 pectore
751 3547 825 3605 neta
845 3546 914 3605 sitis
925 3568 933 3621 3

270 3643 303 3700 at
323 3641 351 3700 ei
371 3660 465 3702 suave
486 3642 573 3703 Iovis
593 3643 684 3702 liceat
704 3643 785 3702 mihi
806 3644 916 3705 dueere
937 3648 1050 3718 nectar,

311 3759 376 3799 non
396 3740 483 3801 Iovis
504 3741 675 3802 anteferam
697 3744 809 3818 nectar,
832 3746 947 3818 emate,
967 3746 1031 3805 tuo.
