3050 4476
628 345 844 394 OXONIENSIS

715 927 756 967 Lx

280 1047 390 1112 Οὐκέτι
411 1073 462 1127 μοι
485 1046 576 1113 σέθεν
599 1048 697 1124 έλτίς,
720 1047 774 1113 ἔως
795 1045 866 1128 βίος
888 1047 1015 1126 ἔμπεδος
1038 1046 1134 1123 ἔσται,

323 1195 442 1279 εὔφρον’
464 1198 546 1264 ὅπως
568 1203 602 1261 τὸ
624 1195 743 1280 πάροιθ’
766 1194 872 1278 ὄμματ’
894 1199 1021 1279 ἔρῶντος
1044 1199 1128 1262 ἰδεῖν·

281 1350 331 1416 σοὶ
353 1353 412 1434 γὰρ
435 1352 509 1434 ἔρως
532 1354 688 1418 ἀπόλωλε·
719 1352 816 1433 μάτην
838 1348 865 1417 δ’
886 1351 1069 1416 ἐσπούδασα·
1099 1358 1205 1433 πικρὸν

323 1506 455 1587 ἄγκαθεν
479 1506 621 1589 ἐζεῦχθαι
644 1509 710 1589 κῆρι
733 1504 919 1572 διεσταότας.

279 1663 332 1723 τοῦ
354 1659 379 1723 δ’
403 1656 482 1724 ἕνεκ’
504 1659 655 1742 ὧργίσθης
667 1684 678 1734 ,·
705 1659 790 1746 λόγῳ
812 1661 972 1740 ἤμπλακον
993 1659 1029 1739 ἠὲ
1052 1661 1101 1724 καὶ
1124 1660 1224 1744 ἔργῳ,·

322 1818 386 1894 μῶν
409 1813 547 1894 κεφαλὴν
570 1812 722 1896 στρέψασ’
744 1811 764 1894 ἢ
786 1820 876 1900 χερδς
897 1814 1039 1896 ἁψαμένη
1051 1840 1062 1889 ,·

281 1973 379 2048 θαῦμα
401 1968 465 2048 μέν,
487 1966 569 2031 ἀλλὰ
591 1967 683 2033 τοιάδ’
707 1969 785 2051 ἀρχὴ
808 1968 901 2051 πάρος
924 1968 1026 2035 ἔπλετ’
1047 1972 1165 2051 ἔρωτος·

325 2125 424 2202 θαῦμα
446 2122 507 2187 τόδ’
529 2124 585 2207 οὐχ
607 2122 715 2203 ἧσσον,
738 2132 801 2190 πῶς
823 2123 868 2208 ἄρ’
891 2126 1011 2190 ὄλωλεν
1032 2125 1116 2206 ἔρως.

281 2275 383 2340 πολλὰ
405 2276 431 2341 δ’
452 2276 641 2358 ὑφαίνουσάν
661 2304 700 2359 με
722 2278 879 2356 θεώμενος,
902 2279 962 2343 εἴτε
985 2278 1122 2354 νέονσαν,

323 2433 453 2516 ᾀδούσης
475 2434 589 2501 ἐδόκεις
611 2433 739 2514 τερπνὸν
761 2432 927 2512 ἀκηκοέναι.

280 2589 307 2650 εἰ
330 2587 363 2650 δὲ
385 2582 578 2672 προσαυδῴην
600 2589 636 2651 σέ
661 2586 745 2672 λόγῳ
768 2585 851 2662 ποτέ,
872 2592 975 2667 πρῶτα
997 2589 1121 2669 παρειᾶς

323 2742 385 2824 αἷμ’
407 2742 635 2823 ἔρνθαινομένης
658 2740 782 2824 ἔφλεγε,
803 2737 866 2824 κᾷτ’
890 2740 1003 2805 ἔκλυες.

280 2900 339 2963 εἴτε
361 2894 455 2981 χαμαὶ
477 2901 535 2978 πρὸ
558 2900 658 2960 ποδῶν
680 2894 843 2979 παρέκεισ’,
866 2893 920 2959 εἴτ’
942 2895 1042 2961 ἀντίος
1065 2895 1137 2974 ἷζον,
1230 2984 1233 2992 ⁸

322 3053 349 3114 εἰ
371 3051 478 3114 ταύτοῦ
499 3050 639 3133 μετέχοις
661 3049 757 3130 θέρος,
780 3049 863 3133 εἶχες
884 3047 973 3119 Ιθπαν.

279 3204 326 3269 καὶ
348 3208 407 3288 γὰρ
429 3202 496 3286 ἐμοὶ
518 3204 629 3289 γλυκὺς
651 3203 744 3285 ἦλθεν
766 3205 849 3286 ἔρως·
880 3203 935 3270 κᾶν
958 3203 1060 3288 κέρδος
1083 3204 1197 3284 ἔδοξεν,

322 3362 399 3425 εἴτι
422 3357 472 3424 σοὶ
495 3357 639 3442 έξεθροιμ’
660 3358 716 3438 ἡδὺ
739 3364 882 3437 θανοῦσα,
906 3365 1016 3424 θανεῖν.
