3028 4468
604 358 820 408 oxomensis

653 977 773 1019 CXXXVI

218 1090 221 1102 ¹
255 1072 325 1133 Nox
345 1075 414 1132 erat
433 1073 553 1134 excelsa
574 1094 672 1151 quum
694 1094 749 1134 rex
769 1073 976 1134 moribundus
996 1075 1031 1134 in
1051 1096 1120 1136 arce

255 1171 356 1231 multa
377 1171 506 1231 domum
527 1174 665 1232 maestus
686 1172 807 1250 gemuit
827 1173 894 1233 sine
914 1173 1001 1249 prole
1022 1174 1171 1234 relictam.

255 1273 347 1347 atque
369 1266 417 1328 illi
437 1270 554 1346 pariter
573 1292 629 1348 per
650 1271 717 1332 dira
738 1271 863 1331 silentia
884 1273 1019 1349 grussi-

256 1388 331 1427 nam
351 1368 472 1428 caelum
492 1390 527 1429 ac
547 1371 646 1429 terras
667 1390 729 1430 nox
749 1370 937 1446 intempesta
958 1372 1093 1431 tenebris

255 1467 552 1527 miscuerat-vasto
573 1468 741 1528 sublimem
761 1490 800 1528 ex
820 1489 952 1546 aequore
973 1489 1084 1530 navem

257 1562 424 1642 (incertum
446 1566 530 1626 caelo
551 1587 591 1626 an
612 1567 734 1645 pelago)
756 1567 869 1641 videre,
895 1568 1022 1629 draconi

257 1664 339 1722 alato
360 1663 505 1740 similem,
530 1665 582 1724 cui
601 1666 691 1724 miris
712 1667 819 1726 crebra
840 1666 979 1726 relucent

258 1764 395 1821 transtra
414 1762 509 1822 viris:
532 1764 689 1841 oculisque
711 1764 807 1824 simul
827 1764 881 1824 vix
901 1764 969 1824 visa
991 1765 1124 1825 recessit.

257 1860 306 1919 illi
327 1863 432 1920 autem
452 1865 563 1938 portus
584 1883 664 1939 quos
684 1862 776 1922 alluit
796 1863 880 1922 unda
901 1863 1045 1923 reductos

259 1959 354 2018 delati
373 1959 497 2035 petiere,
522 1963 610 2020 aestu
631 1962 663 2019 et
683 1963 829 2037 surgente
849 1961 999 2021 videbant

258 2060 294 2117 ut
315 2058 416 2117 maior
436 2079 585 2136 magnam
606 2079 730 2136 semper
749 2060 949 2135 provolveret
969 2060 1087 2119 undam

258 2156 343 2215 unda
363 2158 594 2233 superveniens
620 2158 696 2217 dum
717 2157 849 2235 denique
870 2177 954 2217 nona
975 2159 1097 2235 sanaris

259 2255 386 2314 vocibus
408 2255 492 2314 unda
512 2256 659 2331 fremens,
683 2257 750 2316 toto
770 2256 876 2332 gravis
895 2257 1040 2333 aequoris
1061 2259 1156 2329 aestu,

259 2353 378 2413 tardior
399 2353 571 2413 attrahitur
592 2356 745 2430 ruptaque
766 2354 922 2413 immensa
941 2355 1098 2431 fragorem

259 2451 342 2511 mole
364 2451 456 2525 dedit,
481 2452 668 2528 flammaque
691 2452 794 2511 omnis
815 2453 984 2529 crepitante
1005 2456 1152 2513 coruscat.

260 2550 314 2608 sed
335 2550 448 2609 fluctus
469 2550 553 2610 inter
573 2550 693 2610 medios
714 2550 911 2627 flammisque
931 2551 1059 2611 volutus

260 2647 360 2707 fertur
380 2668 461 2725 aqua
480 2649 584 2708 nudus
605 2648 797 2725 pedibusque
818 2648 966 2709 allabitur
986 2648 1098 2708 infans.

262 2765 356 2822 quem
376 2746 481 2806 subite
500 2751 589 2806 vates
609 2748 789 2821 correptum
810 2746 937 2806 sustulit
958 2746 1059 2805 undis,

262 2848 352 2918 ‘ren'
374 2845 425 2918 ait,
453 2844 522 2903 ‘hic
544 2844 651 2904 nobis:
680 2843 732 2903 hic
753 2843 820 2902 divi
840 2844 1002 2921 sanguinis
1024 2843 1134 2903 heres'

261 2941 335 3000 talia
356 2941 485 3001 iactanti
504 2962 641 3002 convexa
660 2942 695 3000 in
717 2941 809 3002 litora
828 2941 895 3001 vati

261 3039 364 3114 prima
384 3040 469 3099 subit
490 3040 614 3100 fervens
634 3044 666 3100 et
687 3039 948 3099 circumfunditur
968 3039 1052 3116 ipsos

262 3138 346 3196 unda
366 3138 476 3214 pedest
504 3159 579 3198 mox
599 3140 768 3215 tempestas
789 3139 959 3215 tranquilla
980 3141 1122 3200 secutast.

1082 3250 1101 3283 J.
1116 3250 1148 3282 W.
1161 3251 1189 3284 M.
