3018 4478
620 329 835 379 OXONIENSIS

694 796 758 839 vm

355 888 555 972 Ἀντιρρόπως
578 893 689 975 ἔχοντα
710 892 766 956 τδν
787 890 895 974 γάμοις
917 891 986 971 δρῶ,

354 995 432 1081 ῥοπῇ
454 994 511 1077 γὰρ
532 992 570 1074 ἤν
593 995 658 1059 ποτ’
681 993 808 1073 ἐλλιπὴς
831 993 905 1075 ἁνὴρ
928 993 1000 1080 καρῇ

356 1102 490 1179 σταθμὸν
511 1099 571 1161 τότ’
591 1097 647 1178 ἤδη
669 1098 778 1178 μείζον’
800 1095 911 1184 ᾗρμένη
934 1097 1008 1180 γυνὴ

355 1200 438 1265 ἕλκει
460 1200 617 1266 τάλαντον.
664 1201 734 1266 ἀλλ’
755 1202 799 1267 ὅδ’
823 1202 951 1280 ἔμπεδος
972 1199 1066 1278 μένει,

356 1302 427 1367 ὥστ’
450 1306 518 1369 οὐδὲ
537 1310 659 1387 μᾶλλον
681 1308 712 1370 αἱ
734 1304 844 1387 χθονδς
865 1305 953 1388 ῥίζαι,
976 1303 1074 1383 νόμος,

354 1406 471 1489 γυναικί
493 1409 610 1488 τᾶνδον,
633 1411 717 1490 ἀνδρὶ
738 1407 873 1488 τᾶξωθεν
895 1407 1013 1490 πρέπει·

355 1509 404 1575 καὶ
425 1514 465 1599 τῷ
485 1517 542 1593 μὲν
559 1509 684 1595 Ἀρεως,
706 1517 741 1600 τῇ
765 1513 789 1576 δ’
813 1513 974 1591 Ἀθηναίας
997 1513 1094 1575 πόνοι·

355 1615 429 1696 γυνὴ
451 1620 508 1695 μὲν
531 1617 642 1693 οἶκτον,
666 1622 737 1681 νοῦν
759 1613 785 1680 δ’
806 1617 880 1698 ἀνὴρ
902 1615 1087 1701 διδάσκαλον

356 1717 439 1802 ἔχειν
461 1719 587 1801 πέφυκε·
619 1725 695 1798 θῆλυ
716 1721 877 1785 πείθεσθαι
900 1720 997 1801 γένος,

355 1826 389 1885 τδ
411 1820 437 1886 δ’
458 1822 546 1904 ἄρρεν
568 1824 683 1908 ἄρχειν·
715 1826 741 1888 εί
764 1824 798 1887 δὲ
818 1824 859 1903 μὴ
883 1822 946 1886 τάδ’
969 1820 1018 1887 ὧδ’
1044 1823 1110 1906 ἔχοι

354 1923 474 1989 πάντων
496 1929 570 1992 ἴδοις
593 1926 631 1993 δν
653 1927 807 2011 σύγχυσιν
827 1932 887 1990 τῶν
910 1928 943 1989 ἔν
965 1927 1035 2009 βίῳ.

355 2027 429 2108 κακὴ
452 2029 602 2108 σύνευνος,
624 2033 698 2112 ίσθι,
721 2032 792 2094 κούκ
815 2028 956 2118 ἐπῄνεσα,

353 2130 417 2209 ἥτις
441 2135 577 2212 καμούσης
598 2135 737 2214 μαίνεται
759 2135 864 2199 πώλου
887 2135 972 2212 δίκην

355 2235 437 2300 ίεῖσα
458 2239 563 2320 φωνὴν
585 2238 722 2320 διάτορον
744 2241 794 2303 διδ
817 2244 943 2322 στεγῶν,

355 2338 486 2418 πτήσσει
509 2343 533 2407 δ’
558 2342 673 2408 ἁκούων
694 2345 728 2407 ἐν
748 2344 833 2429 μυχῷ
852 2340 1018 2421 καθήμενος

354 2442 428 2523 ἀνὴρ
451 2445 602 2526 ἄνανδρος,
624 2451 682 2529 πῢρ
705 2445 754 2526 ἐφ’
779 2446 864 2531 ἑστίᾳ
886 2445 1006 2526 τρέφων

354 2545 481 2628 ἀπηρόν.’
518 2547 608 2627 ἆλλά,
631 2549 776 2630 παρθένος
798 2549 856 2632 γάρ
879 2546 942 2611 ἔστ’
964 2547 1018 2626 ἔτι,

353 2650 410 2732 χρὴ
434 2657 651 2730 πωλοδαμνεῖν,
674 2650 801 2736 καὶγὰρ
825 2655 964 2734 ἐγκρατεῖ
982 2647 1051 2733 χερί

355 2754 596 2838 ἐπιστομισθεῖσ’
620 2759 672 2823 οὐκ
694 2757 732 2822 δν
754 2760 798 2825 είς
822 2756 944 2837 ὁμιλίαν

358 2861 443 2925 ἔλθοι
464 2862 492 2946 γ’
515 2863 636 2928 ἐκείνων
656 2868 714 2927 τῶν
735 2860 958 2935 καταπτύστων,
981 2861 1052 2923 ὅσαι

354 2965 526 3045 θτημέλητα
547 2968 601 3031 τᾶν
625 2965 706 3051 δόμῳ
729 2966 859 3030 νεοσσία

354 3070 445 3134 ἔῶσιν
468 3070 565 3150 ἔρρειν
588 3072 631 3136 είς
652 3070 687 3133 τὸ
710 3073 780 3151 πῦρ,
801 3070 854 3133 ἔδν
874 3068 959 3155 τύχῃ,

354 3175 386 3238 ἔν
407 3171 430 3259 ᾧ
452 3173 588 3256 θύραθεν,
610 3174 713 3254 ὥσπερ
736 3175 767 3236 αἶ
792 3174 963 3251 καπηλίδες,

354 3284 455 3356 βοῶσι
478 3275 588 3357 λήρους
610 3272 658 3340 καί
681 3276 780 3340 δίκαια
804 3277 918 3340 κᾶδικα.

1066 3393 1087 3425 J·
1100 3392 1125 3425 Y·
1136 3391 1156 3425 8.
