3050 4476
630 314 846 363 OXONIENSIS

730 491 784 532 mv

602 587 692 662 Tum,
715 590 746 648 te
768 587 893 664 deiecta,
917 593 1080 664 parentem

233 703 328 760 quam
349 703 415 744 non
436 683 559 744 felicem
578 685 805 763 volucrumque
826 686 1054 764 hominumque
1074 687 1208 747 vocavi?

233 782 310 858 quin
331 782 429 842 laetae
450 782 562 843 catulis
584 782 685 844 invidi
705 788 822 845 maesta
843 785 975 861 leaenae,

233 880 310 957 quin
330 883 439 941 natam
455 880 620 957 'abreptam
640 901 793 958 quaerens
814 902 986 959 regumque
1007 902 1062 958 per
1082 884 1160 944 altas

232 978 317 1038 ibam
337 998 446 1039 amens
467 978 553 1039 aulas
574 982 781 1056 congestaque
802 980 935 1056 caespite
955 983 1044 1040 tecta

232 1096 322 1152 saepe
343 1079 432 1137 tuam
453 1077 611 1154 querulus,
636 1098 699 1138 nox
720 1098 792 1138 oum
813 1079 1002 1154 intempesta
1022 1079 1138 1155 sileret,

231 1194 405 1234 mammam
425 1174 531 1235 infans
551 1175 667 1251 hausit,
691 1179 837 1253 totusque
858 1180 985 1252 repente
1007 1178 1132 1238 recessit

232 1293 249 1330 e
269 1273 359 1333 venis
379 1273 528 1355 morbus:
557 1274 680 1352 stupuit
699 1293 810 1334 somno
831 1275 930 1335 excita
950 1277 1058 1335 mater.

232 1371 304 1431 inde
325 1372 385 1432 sub
405 1371 605 1432 horrisonam
625 1374 756 1433 ventoso
778 1393 941 1433 murmure
963 1376 1088 1433 noctem

231 1473 427 1546 egressa-et
448 1471 569 1530 modios
589 1491 699 1530 cursus
720 1490 784 1531 nox
804 1474 872 1531 atra
892 1471 1056 1531 tenebat—

231 1588 306 1627 voce
326 1589 403 1628 voco
424 1571 544 1639 ventos,
567 1571 680 1628 ventos
700 1588 769 1628 mea
789 1568 921 1646 pignora
941 1590 1044 1646 posco,

235 1669 345 1743 ‘quem
366 1668 511 1744 fremitis,
534 1667 625 1728 vobis
645 1668 728 1728 unde
749 1668 825 1728 hacc
845 1669 969 1729 insania
990 1670 1137 1729 luctus‘?'

231 1766 436 1842 quaerebam:
468 1768 548 1826 ‘non
563 1768 646 1827 unde
660 1768 736 1827 haec
749 1788 923 1843 murmura,
941 1788 1006 1828 non
1025 1771 1081 1828 tua
1098 1789 1159 1845 qua
1178 1770 1228 1844 sit,

231 1864 399 1938 novimus’
420 1864 586 1924 horrisono
609 1865 799 1942 respondent
820 1886 984 1927 murmure
1004 1867 1100 1928 vent‘a

231 1962 395 2022 conscendi
415 1963 558 2039 scopulos
579 1983 769 2041 magnasque
790 1965 938 2024 obeuntia
958 1968 1056 2025 terras

230 2061 396 2134 poscebam
419 2061 601 2139 ‘gemitisnc
623 2063 748 2122 meam'
768 2065 857 2124 vasta
877 2084 1011 2140 aequora
1032 2067 1200 2125 ‘natam?'

234 2159 365 2235 ‘pignus
386 2159 441 2219 ubi
461 2164 607 2220 nostrum
627 2163 717 2222 est?’
739 2160 886 2238 omnique
907 2182 925 2221 a
946 2162 1039 2222 litore
1060 2183 1170 2223 rursus

229 2257 326 2317 inscia
345 2257 527 2318 multisonis
546 2259 695 2336 immugit
715 2260 892 2336 planctibus
913 2261 1014 2321 unda:

230 2355 359 2433 ‘pignus
379 2356 476 2417 ubia’
496 2357 579 2417 aerio
600 2358 757 2434 speculata
777 2379 794 2418 e
816 2359 932 2419 vertice
953 2359 1073 2419 montis

228 2474 303 2514 mox
322 2455 418 2515 etiam
439 2454 524 2516 foliis
545 2456 607 2534 legi
627 2456 825 2535 nigrantibus
846 2459 993 2518 umbram

228 2553 399 2615 silvarum:
427 2575 492 2614 non
513 2559 604 2616 antra
623 2557 708 2626 ades,
729 2577 795 2616 non
816 2557 952 2617 claustra
972 2555 1107 2631 sepulcri

227 2652 413 2729 intemptata
433 2654 522 2728 mihi,
542 2653 617 2730 quin
639 2656 672 2713 et
691 2654 883 2731 pluvialibus
904 2653 1013 2714 haedis

226 2751 328 2812 multa
347 2771 442 2827 super
462 2751 571 2813 nimbo
592 2752 700 2812 labens
721 2753 849 2812 delubra
870 2772 925 2828 per
945 2752 1056 2810 urbem

225 2848 332 2910 audivi
351 2871 443 2911 voces
464 2850 639 2924 hominum,
664 2852 777 2927 quibus
798 2851 874 2911 orba
893 2851 1033 2924 vocabar,

226 2951 360 3008 matrem
380 2949 602 3025 appellantum‚
626 2952 762 3010 matrem
782 2952 949 3026 natamque
971 2952 1165 3025 gementum.

225 3045 299 3105 hinc
319 3065 434 3107 vacuos
455 3049 573 3107 tractus
594 3068 668 3108 arva
688 3050 720 3108 et
741 3048 915 3124 squalentia
934 3048 1043 3121 lustro,

225 3163 357 3220 parsque
377 3143 439 3205 fuit
460 3166 607 3205 curarum
628 3146 762 3207 humani
782 3166 856 3206 cura
877 3146 1002 3221 doloris,

224 3242 381 3317 plurimus
402 3246 438 3303 ut
459 3247 552 3320 rupto
573 3245 734 3305 fronderet
754 3244 864 3305 limine
884 3244 998 3321 vepris,

224 3343 260 3399 ut
280 3341 413 3400 fractam
433 3341 517 3402 flexu
537 3362 666 3418 serpens
687 3343 835 3402 horrente
858 3343 1039 3402 columnam

223 3438 399 3516 stringeret,
423 3460 514 3500 exeso
535 3444 711 3516 perreperet
733 3461 804 3501 ossa
824 3441 949 3501 cerebro

224 3539 376 3614 scorpius.
417 3538 452 3598 in
472 3539 560 3615 putri
580 3538 689 3616 tigrim
708 3538 776 3599 vidi
796 3538 865 3617 ipsa
886 3538 999 3600 sacello

224 3639 255 3695 et
274 3637 410 3696 laceram
430 3636 574 3714 effigiem,
599 3638 682 3697 saltu
704 3658 776 3697 cum
797 3638 908 3698 territa
929 3636 1026 3716 fugit:

223 3736 253 3794 te
274 3753 440 3813 nusquam.
1077 3762 1110 3797 w.
1123 3763 1148 3796 n.
1161 3763 1189 3798 u.
