3050 4476
602 352 817 401 OXONIENSIS

681 592 741 635 0111

340 688 435 774 Βωμῷ
452 690 509 766 μὲν
530 685 586 767 ἤδη
609 686 721 755 πάντες
745 689 777 751 έν
800 687 898 774 κύκλῳ
921 687 1013 770 πέριξ

338 792 410 878 σίγῃ
433 791 620 875 παρίσταντ’,
642 793 722 873 ὄμμα
745 792 770 855 δ’
792 791 1016 872 ἠλλοιωμένους

340 897 437 976 σέβας
461 894 584 980 κατέσχ’
610 898 747 975 ἔμπαιον·
777 897 810 960 έν
832 898 865 959 δὲ
886 893 1009 978 μητέρες

341 1002 433 1080 σιγᾶν
455 999 568 1064 τέκνοις
592 999 729 1078 ένευσαν,
753 1000 785 1062 αἱ
809 1002 841 1064 δὲ
864 998 1005 1080 παρθένοι

339 1101 474 1184 ἤμειψαν
495 1104 586 1169 ἀνθος
608 1104 733 1185 χρωτός,
756 1102 795 1169 ὡς
819 1102 1020 1184 φοβούμεναι·

340 1205 385 1289 χὼ
408 1211 469 1270 τῶν
493 1206 558 1270 καθ’
579 1208 656 1286 ύλην
678 1204 769 1288 πρῶτ’
792 1205 974 1286 ἀριστεύσας
995 1209 1097 1291 μακρῷ

340 1311 452 1376 αίδοῖος
474 1308 571 1373 ἵστατ’
593 1309 760 1388 Ἐνδυμίων
782 1309 878 1393 ὠχρός
899 1309 925 1371 τ’
949 1311 1032 1384 ἰδεῖν,

339 1419 399 1476 τῶν
422 1411 615 1495 ξυγκυναγῶν
637 1415 730 1491 δῆλος
753 1414 786 1478 έν
807 1412 979 1496 πανηγύρει.

341 1517 436 1599 ἱερεὺς
459 1517 485 1581 δ’
508 1518 525 1579 ὁ
547 1516 683 1599 πρέσβυς
706 1518 738 1581 έν
759 1518 843 1601 μέσῳ
868 1519 989 1583 σταθεὶς
1012 1518 1109 1602 κύκλῳ

339 1621 453 1702 χαίρων
476 1622 601 1702 έσαθρεῖ
621 1619 745 1699 πάντας,
769 1620 804 1684 ού
825 1621 870 1687 τίς
893 1619 958 1684 ἔσθ’
981 1619 1015 1685 δν
1038 1622 1080 1696 ού,

338 1724 424 1805 λέγει
447 1728 479 1789 δὲ
502 1732 614 1808 χειρῶν
635 1726 862 1789 ύπτιασθεισῶν
885 1723 965 1788 τάδε·

339 1825 362 1890 ὦ
384 1826 519 1917 Λάτμιον
541 1827 686 1909 γέννημα,
708 1828 859 1906 ποιμένων
882 1829 977 1912 χοροί,

340 1929 445 2010 μήλων
466 1931 588 2016 ἔχοντες
610 1931 721 2012 μυρίων
744 1930 943 2013 ἐπιστροφήν,

340 2034 393 2099 εἴτ’
416 2035 469 2099 οὖν
491 2035 541 2098 ἀπ’
565 2035 680 2115 ἄντρων
703 2042 763 2100 τῶν
785 2042 981 2116 πετρηρεφῶν
1003 2035 1081 2101 κότω

340 2143 480 2218 κορυφῶν
501 2136 527 2200 τ’
549 2137 653 2219 ὀρείων
674 2137 763 2218 ἥκετ’,
786 2136 838 2202 εἶτ’
861 2136 897 2216 ἐξ
917 2138 1033 2221 ἀγκέων

340 2236 400 2302 ἔνθ’
425 2235 524 2300 οὔποτ’
549 2237 712 2301 ἐκλέλοιπε
734 2237 886 2318 συρίγγων
907 2236 995 2316 μέλη·

342 2341 371 2403 οἱ
394 2340 421 2403 δ’
443 2343 476 2404 έκ
496 2344 632 2419 βαθειῶν
654 2341 815 2419 λειμόκων,
839 2342 915 2405 ὅπου
938 2343 1024 2406 νότος

341 2443 446 2521 κνύζας
467 2469 500 2508 τε
524 2448 602 2508 κινεῖ
621 2444 759 2527 χρυσέων
782 2442 807 2504 τ’
830 2444 1037 2524 ἀνθεσφόρους

342 2546 479 2612 καλύκων
502 2548 642 2613 ἀκάνθας·
674 2548 706 2610 οἵ
726 2573 759 2611 τε
781 2547 949 2624 βόσκοντες
972 2548 1066 2627 φίλον

341 2650 449 2729 μέλημ’
471 2648 520 2714 έπὶ
542 2653 663 2733 ῥηγμῖνι
685 2649 807 2715 ποντίας
829 2650 913 2726 ἁλός,

341 2755 382 2817 ὧν
404 2754 440 2832 δὴ
464 2752 595 2838 φιλῳδοὶ
617 2755 740 2818 δόνακες
764 2752 890 2835 ἀρχαίου
911 2752 1007 2837 ψόφῳ

340 2857 492 2939 Τρίτωνος
516 2859 681 2940 ἀντηχοῢσι
703 2856 848 2933 πένθιμον
871 2856 972 2934 νόμον·

340 2965 372 3026 αἱ
393 2962 418 3025 δ’
441 2962 478 3025 αὖ
501 2968 636 3043 γυναῖκες
659 2967 771 3027 αἵτινες
795 2960 860 3024 καθ’
882 2960 995 3041 ἡμέραν

341 3063 445 3147 πήρας,
468 3067 572 3131 πόνοις
594 3066 702 3145 έφόδια
724 3069 788 3131 τοῖς
811 3062 994 3145 ὀρειβάταις,

341 3166 510 3249 πορσύνεθ·
540 3170 572 3232 αἱ
596 3169 679 3250 κόραι
702 3168 727 3231 δ’
750 3168 822 3231 ὅσαι
844 3167 872 3248 γ’
895 3165 1044 3248 ἀμήτορας
1125 3180 1128 3187 ’

340 3270 451 3350 ἀμνοδς
474 3271 598 3353 τρέφειν
622 3269 747 3346 εἰώθατ’,
770 3274 803 3336 έν
826 3268 926 3348 κύλιξι
949 3271 982 3333 δὲ

340 3380 448 3438 λεκτδν
471 3373 644 3455 φυλάσσειν
665 3376 705 3459 τῷ
726 3373 899 3458 φιλουμένῳ
921 3371 1000 3451 μέλι·

340 3476 455 3542 ἀκούετ’
476 3476 532 3557 ἤδη
554 3477 672 3543 πάντες·
704 3477 767 3541 ούτι
789 3474 847 3556 μὴν
871 3478 887 3537 ὁ
910 3475 980 3541 Πὰν

340 3582 383 3646 ὧν
403 3581 462 3664 χρὴ
485 3581 558 3662 πρὸς
580 3581 664 3663 ἡμῶν
687 3581 839 3665 τυγχάνει,
860 3579 954 3662 μέγας
978 3581 1054 3645 θεός·
