3018 4478
605 344 822 399 OXONIENSIS

532 532 535 539 ⁸
660 529 768 572 xxvrrr
862 526 865 530 ·

295 625 340 686 At
359 624 471 702 procu]
490 625 638 703 antiquae
660 627 753 688 sertis
771 625 982 688 viridantibus
1003 645 1073 686 arae

335 726 476 802 surgunt,
500 724 665 802 sacrilegas
685 725 920 802 despiciuntque
940 745 1062 785 manue

295 823 346 883 his
367 843 432 907 11011
451 823 534 900 ignis
554 825 641 900 edax,
664 825 808 902 livorque
828 825 968 901 rapacior
988 824 1069 901 igne,

337 942 402 981 non
422 922 505 982 bella
524 922 666 1000 exitium,
689 944 756 983 non
776 923 863 983 dabit
883 923 951 999 ipsa
973 923 1046 982 dies.

296 1020 358 1079 huc
379 1021 431 1096 pia
451 1024 524 1080 tura
543 1020 651 1082 ferunt
670 1043 708 1083 ex
729 1024 817 1083 omni
837 1021 930 1082 litore
950 1021 1041 1095 docti,

337 1118 487 1179 unanima
508 1139 526 1179 a
547 1120 664 1197 linguis
684 1122 824 1182 carmina
843 1122 931 1181 mille
950 1122 1071 1181 sonant.

297 1219 364 1275 tam
385 1217 513 1277 meritas
533 1218 641 1279 laudes
661 1240 723 1280 vox
744 1220 844 1280 dicere
865 1218 954 1279 nulla
974 1222 1111 1278 recuset:

340 1316 484 1375 concordi
505 1319 650 1377 nostrum
670 1338 710 1377 ne
731 1319 773 1378 sit
794 1317 900 1378 abesse
920 1317 1023 1376 choro.

298 1432 317 1471 0
337 1414 404 1472 nati
424 1414 554 1475 meliore
575 1435 660 1492 aevo,
684 1416 810 1491 salvete,
834 1418 950 1492 poetae,

339 1532 476 1589 quorum
497 1514 670 1575 immortali
690 1516 782 1576 laude
802 1519 930 1592 tropaea
949 1514 1072 1574 virent!

297 1611 397 1688 gloria
417 1613 553 1672 maiores
574 1614 664 1675 vobis
685 1617 756 1693 aget
777 1634 875 1692 usque
896 1612 1084 1690 triumphos.

340 1714 430 1770 aucta
450 1715 601 1789 perpetuo
621 1714 721 1774 fertur
742 1716 778 1774 ut
799 1713 901 1773 amnis
921 1732 1010 1790 aqua.

298 1827 355 1868 vos
375 1809 457 1869 colet
476 1810 601 1888 ignotae
620 1812 649 1871 si
669 1813 740 1888 quis
760 1812 838 1872 latet
857 1811 958 1871 incola
979 1813 1087 1883 terrae,

339 1911 372 1966 et
393 1911 536 1985 repetent
557 1910 668 1987 ingens
688 1911 812 1971 saecula
832 1930 900 1970 sera
920 1911 1020 1970 decus.

300 2025 318 2063 0
339 2006 367 2065 si
388 2009 476 2082 parte
497 2008 548 2068 sui
569 2011 677 2086 tangat
699 2009 834 2069 divinior
852 2008 936 2086 ignis

339 2106 517 2166 extremum
535 2127 554 2167 e
575 2109 664 2167 tanta
685 2108 928 2185 degeneremque
949 2107 1051 2181 domo,

300 2202 354 2278 qui
376 2204 506 2280 trepidis
525 2208 647 2267 vestras
667 2206 813 2266 imitatur
832 2207 953 2266 nisibus
973 2205 1046 2277 alas,

341 2302 536 2380 miraturque
558 2303 672 2382 legens,
698 2306 730 2364 et
749 2304 843 2365 timet
862 2305 928 2382 ipse
949 2303 1045 2380 sequi,

303 2403 339 2459 ut
359 2401 497 2477 iuvenes,
520 2422 573 2461 me
592 2406 673 2479 vate,
698 2404 783 2463 leves
803 2403 923 2463 maiora
942 2401 1044 2463 vereri

343 2499 469 2579 ingenia
488 2503 522 2561 et
543 2501 664 2563 discant
684 2502 861 2562 indubitare
881 2500 955 2561 suis
977 2498 979 2501 ’

1081 2608 1106 2643 Β.
1118 2607 1140 2641 0.
1152 2607 1186 2641 W.

684 2797 765 2838 xxrx

224 2892 290 2950 ‘De
311 2912 402 2970 grege
424 2892 499 2970 quid
519 2892 641 2970 scribet,
666 2893 723 2970 qui
742 2893 786 2953 sic
806 2891 943 2952 traducit
962 2890 1093 2968 ineptos

222 2988 288 3065 ipse
309 2991 408 3052 suo‘?'
436 2991 496 3051 hoc
515 2991 624 3052 videor
644 2992 762 3052 multos
784 2991 890 3050 audire
911 2976 1060 3068 rogantis.

227 3089 391 3164 ‘paroetne
403 3089 483 3149 .hic'
504 3088 610 3167 inquis
634 3091 755 3167 ‘parcet
775 3088 979 3165 scriptoribus
998 3088 1088 3165 ipsis,

225 3186 279 3262 qui
299 3187 400 3247 caedit
420 3188 539 3262 Decios,
564 3209 583 3249 a
604 3209 666 3266 quo
686 3209 744 3248 neo
764 3188 871 3248 Laelia
891 3190 961 3248 tuta
981 3191 1036 3264 est,

225 3304 317 3360 quem
338 3305 395 3344 nec
415 3286 556 3346 centurio
576 3307 633 3347 neo
654 3286 758 3373 Stoica
777 3288 875 3347 terret
894 3287 1004 3363 abolla,

224 3402 280 3457 per
300 3385 440 3443 saturam
461 3387 589 3445 cunctos
610 3405 703 3445 saevo
724 3385 779 3462 qui
798 3386 947 3446 immanis
967 3385 1058 3446 hiatu

226 3480 391 3557 adripuit?
418 3502 497 3542 num
517 3485 667 3561 cognatos
688 3483 977 3560 doobchoropp'out’

229 3579 271 3638 ‘O
291 3580 379 3657 bone,
405 3601 498 3657 quem
519 3581 619 3641 caedit
638 3581 738 3640 ferula
759 3581 864 3658 gravis
884 3580 1023 3642 Orbilius
1044 3580 1088 3641 sic

226 3680 261 3735 ut
281 3680 393 3738 natum
413 3678 480 3754 ipse
501 3681 622 3739 suum?
652 3698 718 3739 non
737 3681 829 3739 natos
849 3699 947 3756 prava
967 3679 1126 3756 sequentis

227 3776 392 3837 obtruncat
412 3779 560 3839 Brutus?
590 3778 711 3837 trutina
732 3777 897 3854 suspendis
917 3777 1025 3855 iniqua

308 3874 339 3932 4*
