3050 4476
604 344 820 394 OXONIENSIS

670 800 752 842 mn

381 929 431 1006 'A‚
455 930 484 1008 δ,
506 932 538 996 τί
558 927 624 995 ποτ’
647 928 685 995 ού
707 928 870 1011 κινάθισμα
891 934 1016 1004 ποδῶν,·

382 1033 413 1098 τί
433 1033 459 1099 δ’
483 1033 712 1117 ἐπιστροφάδην
733 1035 873 1101 νίσσεται
896 1036 989 1102 οὕτως

384 1140 478 1220 ῥεῦμα
499 1144 648 1221 γυναικῶν
660 1163 671 1214 ,·
702 1140 734 1203 οί
755 1137 811 1218 μέν
832 1162 867 1203 τε
887 1138 987 1219 βάδην

387 1243 418 1305 αἱ
440 1240 466 1306 δ’
489 1241 654 1321 ἀλλομέναι

386 1350 532 1428 σκιρτῶσι
553 1344 662 1429 χοροὺς
685 1345 887 1424 έλελίζουσοι·

385 1452 629 1532 θυρσοφοροῦσιν
650 1447 676 1513 δ’
700 1451 732 1513 ἐκ
753 1449 903 1531 μετεώρου

385 1552 488 1637 χειρὸς
509 1552 626 1636 ἀέρδην,
647 1552 771 1621 λευκοὺς
794 1553 820 1618 δ’
843 1553 939 1635 ὤμους

384 1661 530 1740 προχοαῖς
553 1656 662 1736 ἀνέδην
684 1657 847 1739 κρύπτουσι
869 1661 977 1738 κομῶν·

385 1923 539 1990 Μαινάδες
561 1924 656 2000 αύται,
679 1926 733 1992 τδς
755 1929 790 1987 τδ
814 1924 920 2004 νεάζον

385 2028 431 2112 χῶ
455 2032 523 2094 θεὸς
545 2023 622 2112 ὁρμᾷ

386 2136 508 2216 θερμαῖς
530 2133 686 2212 μανίαισιν
708 2131 762 2213 ἀφ’
782 2132 868 2210 ύλης.

386 2237 436 2301 διὰ
456 2236 482 2301 δ’
505 2234 640 2316 εὖκήλων
662 2236 762 2318 ἀγρῶν
783 2238 912 2319 μολεροὶ
1009 2319 1011 2321 ¹

385 2341 441 2421 τὴν
462 2343 642 2425 υεόδρεπτον
664 2340 713 2404 καὶ
734 2341 935 2425 πολύχωστον

387 2447 462 2510 ποσὶ
484 2446 713 2526 κραιπνοούτοις
734 2447 895 2527 στείβουσι
917 2448 1006 2512 πόαν·

388 2551 436 2613 καὶ
458 2555 518 2614 τῶν
540 2554 658 2629 βοτιῶν
680 2550 880 2615 ἀποσυλῶσαι

386 2654 535 2735 στέφεσιν
556 2656 694 2736 χλοεραῖς
716 2658 947 2735 στεφανοῦνται’

386 2758 492 2822 τῶνδ’
514 2758 692 2839 ἁλλομένου
715 2755 764 2822 καὶ
786 2759 958 2838 παιζουσῶν

386 2867 497 2940 μεστὸς
518 2862 634 2942 λειμὼν
655 2863 802 2944 ίαχαῖσιν.

388 3124 427 3189 σὺ
448 3125 483 3192 δέ
503 3150 563 3206 μοι,
585 3124 730 3205 βουκόλε,
751 3124 837 3190 τίπτε
859 3126 1002 3210 σιωπᾷς,ο

387 3232 418 3296 τί
438 3230 471 3294 δὲ
494 3228 646 3313 σύριγγος,
668 3230 700 3293 τί
721 3231 754 3293 δὲ
777 3229 826 3294 καὶ
850 3228 986 3312 κατέχεις

387 3333 475 3401 ούτδς
496 3333 624 3407 ἀοιδάν,·

387 3438 457 3502 ἀλλ’
481 3440 524 3502 ίθι
547 3443 646 3520 κῶμον
668 3436 742 3520 πρδς
765 3437 916 3501 Διονύσου

386 3541 439 3606 τδν
461 3543 609 3624 πολυηχῆ·
640 3546 733 3607 τῶνδε
754 3539 810 3623 γάρ
834 3540 921 3618 ὤμων

387 3647 466 3714 τίνες
488 3645 649 3729 ἂβρότεροι
661 3670 672 3720 ,·
703 3646 783 3713 τίνος
806 3645 975 3727 ὀφθαλμῶν

387 3755 544 3832 μαλθακὸν
565 3752 642 3816 ούτω
664 3749 759 3830 βέλος
782 3753 907 3833 ὁρμᾶται
919 3737 939 3824 ,ἶ
