3028 4468
615 377 830 427 OXONIENSIS

352 539 446 616 ὄνομα
467 538 501 600 δέ
523 542 636 619 πατρὸς
658 535 768 615 τοῦμδν
789 534 946 617 ἤμβλυνεν
969 536 1086 602 σθένος·

352 643 459 705 κάστίν
480 642 511 704 τί
531 666 581 705 σοι
603 646 677 723 πρὸς
700 636 774 726 τῷδ’,
797 640 984 723 ἀπαρνοῦμαι
1006 640 1063 721 γὰρ
1086 639 1129 715 οὔ,

352 745 370 806 ὅ
391 769 442 824 μοι
465 742 612 826 ταράσσει
637 744 759 825 καρδίαν
783 743 834 807 οὐκ
857 742 913 807 οἶδ’
931 741 1028 821 δίπαις,

353 847 408 928 τήν
430 847 463 913 τ”
478 847 584 912 ἀσπίδ’
606 849 650 914 είς
671 850 729 930 γῆν
753 847 877 927 ἔβαλεν,
901 845 973 909 ὥστ’
998 844 1156 925 ἐπήλασας

352 955 383 1018 ές
405 952 500 1033 ἄνδρα
521 957 634 1035 γυμνὸν
656 951 793 1033 διατόρου
816 949 939 1032 κέντρον
961 953 1058 1031 δορός.

352 1055 399 1136 ἐφ’
423 1058 468 1121 οἶς
491 1055 622 1138 ὑβρίζεις
646 1056 799 1138 κάγγελᾷς
820 1042 1001 1118 τεττωκότι.

352 1159 442 1223 ἄκουε
464 1156 498 1233 δ’,
522 1158 591 1237 ὠμέ,
615 1163 711 1234 τοῦτο,
736 1157 884 1224 κάκοιίσας
907 1156 1004 1239 τρέμε·

353 1262 372 1342 ἦ
393 1261 453 1342 μήν
475 1263 545 1327 ποθ’
567 1263 633 1342 ἥξει
655 1262 740 1326 παιδὶ
762 1267 889 1343 τιμωρδς
911 1263 1007 1342 φόνον

352 1368 368 1428 ὁ
391 1365 620 1433 δυσπάλαιστος
641 1365 795 1446 Ἀρσάκης
818 1367 908 1447 οὑμὸς
930 1368 1038 1447 πατήρ,

351 1471 452 1549 πάσης
475 1471 512 1534 δι’
537 1473 603 1536 αἴας
626 1468 661 1533 δν
683 1470 780 1534 πάλαι
804 1471 878 1547 ζητῶ
902 1468 1006 1536 τάλας·

352 1574 438 1658 κείνῳ
461 1573 501 1637 σὺ
524 1575 619 1641 τίσεις
641 1578 694 1652 τῆς
717 1575 787 1652 έμῆς
811 1577 934 1656 σφαγῆς
957 1575 1050 1651 δίκην.

1088 1689 1121 1724 W.
1135 1690 1160 1724 R.
1173 1691 1191 1723 1.

668 1937 788 1978 cxxxlx

262 2032 355 2107 Olim,
380 2033 424 2092 sic
446 2033 593 2107 referunt,
619 2033 713 2092 unius
734 2035 836 2094 cultor
856 2033 950 2110 agelli

303 2131 434 2208 quisque
455 2131 524 2206 fuit,
549 2131 678 2192 domino
700 2134 749 2191 sat
769 2132 862 2192 dabat
883 2151 966 2191 unus
986 2151 1066 2207 ager,

262 2230 339 2290 dum
358 2230 478 2306 patriae
500 2231 603 2290 stebat
623 2250 673 2290 res
693 2230 834 2307 integra:
862 2234 933 2290 tum
954 2231 1042 2290 labor
1062 2250 1179 2306 aequus

301 2328 412 2404 cuique
432 2328 508 2388 tulit
528 2329 660 2405 quantas
679 2329 746 2388 vita
766 2329 897 2405 requirit
918 2348 999 2404 epea

262 2429 332 2485 tum
352 2426 465 2486 melier
486 2426 626 2486 nummis
647 2426 708 2486 fuit
727 2426 906 2504 ignorantia
925 2427 1057 2500 nummi,

302 2523 469 2597 sanataque
490 2540 581 2579 mens
602 2521 672 2580 sani
692 2521 830 2597 corporis
851 2523 923 2596 apta
944 2541 1054 2580 eomes.

261 2639 300 2677 en
322 2639 404 2678 nova
425 2639 510 2678 nune
531 2638 638 2678 rerum
659 2620 772 2679 facies!
813 2619 914 2678 felicia
934 2619 1025 2695 pulso
1093 2664 1097 2672 .

301 2717 429 2777 institor
449 2717 583 2794 agricola
603 2717 748 2778 sordidus
769 2738 844 2778 arva
864 2720 959 2778 tenet.

262 2816 320 2891 hie,
344 2816 432 2893 prius
453 2816 487 2875 in
509 2817 627 2893 eampis
646 2816 701 2876 ubi
723 2816 839 2876 rustica
859 2818 941 2876 tecta
960 2816 1110 2891 nitebant,

302 2915 479 2992 praegravis
499 2915 583 2975 inter
603 2935 677 2991 opes
698 2915 763 2975 otia
783 2916 876 2974 luxus
897 2915 980 2991 agit3

261 3015 293 3072 et
313 3033 391 3090 quae
410 3013 511 3099 pluris
531 3034 625 3092 egens
646 3013 758 3073 luxum
779 3014 925 3073 comitata
946 3013 1057 3089 cupido
1079 3017 1134 3088 est,

302 3131 439 3188 quaeque
459 3113 510 3172 sui
529 3132 645 3189 poenas
666 3113 720 3172 dat
740 3112 801 3172 sibi
821 3131 928 3171 caecus
949 3131 1046 3172 amor.

262 3213 295 3269 at
316 3213 463 3270 contenta
485 3211 573 3289 quies
593 3231 697 3288 parvo,
721 3214 753 3270 et
774 3231 853 3288 quos
874 3211 961 3287 eopia
982 3211 1065 3270 iusta

302 3308 368 3386 lege
390 3309 567 3369 salutiferos
588 3310 720 3369 iusserat
739 3310 785 3369 ire
806 3309 872 3368 dies
883 3331 891 3383 3

261 3409 294 3466 at
313 3407 436 3480 ahorne,
460 3409 492 3466 et
511 3407 607 3467 viridi
628 3409 804 3466 certantum
824 3407 957 3484 caespite
979 3407 1053 3482 ludi,

302 3506 384 3565 unde
405 3505 496 3583 vigor
516 3506 668 3566 membris
687 3507 720 3565 et
739 3506 831 3566 decor
852 3526 905 3566 ore
925 3506 1036 3582 nitent,

261 3603 312 3663 his
332 3602 442 3681 procul
461 3604 537 3664 hine
557 3604 645 3664 sedes
666 3605 742 3664 Iove
764 3605 822 3664 sub
843 3604 972 3665 meliore
991 3607 1151 3682 petuntur,

302 3706 333 3762 et
353 3703 450 3779 proba
471 3702 635 3776 rusticitas,
659 3723 736 3779 quae
759 3703 820 3763 fuit
840 3707 921 3779 ante,
945 3704 1038 3780 perit.

1098 3816 1117 3849 J.
1131 3815 1154 3850 Y.
1169 3818 1189 3850 S.
