3050 4476
629 358 845 408 OXONIENSIS

675 639 796 680 mm

278 732 356 796 Οἴου
372 731 478 814 ἀρτίως
493 733 636 812 ἀκούσας,
650 736 778 817 Γρύλλε,
797 739 850 815 τῆς
864 741 973 819 μητρὸς
988 737 1083 819 λόγου

277 885 429 966 μανθάνω·
464 888 505 953 σὺ
525 889 662 971 μὲνγὰρ
684 890 758 979 αὐτῇ
780 889 868 955 πάντ’
891 888 1008 970 ἔλεξας,
1029 890 1048 970 ἡ
1072 889 1098 954 δ’
1120 892 1193 973 έμοί

278 1037 441 1122 χρημάτων
462 1042 577 1127 γυναῖκ’
600 1043 648 1127 ἄρ’
670 1043 765 1110 οὕνεκ’
788 1045 822 1109 ού
846 1044 885 1107 σύ
906 1043 935 1126 γ’
956 1042 1085 1123 ἄξεσθαι
1109 1048 1217 1125 δοκεῖς,

280 1192 349 1257 ἀλλ’
374 1198 450 1277 έρῶυ
472 1199 600 1279 ἐρῶσαν,
623 1195 746 1278 ὦνόητε,
768 1198 823 1278 τὴν
845 1203 898 1263 τοῦ
919 1198 1064 1280 γείτονος,

280 1350 335 1429 τὴν
357 1350 406 1433 ἐφ’
429 1354 495 1435 ίερὰ
517 1352 553 1434 δὴ
577 1351 717 1433 θέουσαν,
740 1353 796 1434 τὴν
817 1354 912 1433 μόνην
935 1354 1029 1421 ὅντως
1052 1349 1148 1433 καλήν
1159 1380 1170 1426 ‚·

281 1505 386 1586 μυρίος
407 1506 463 1587 μὲν
485 1506 537 1572 ούυ
559 1506 598 1573 δυ
621 1510 714 1591 εύριδυ
735 1508 801 1572 ἴσθι
823 1508 873 1573 καί
895 1514 956 1573 τῶν
976 1509 1142 1573 πλουσίων.

279 1657 381 1743 βραχὺ
399 1665 433 1723 τδ
455 1658 581 1742 κάλλος,
596 1663 701 1744 ὥσπερ
719 1661 821 1731 άυθος·
846 1662 1078 1745 ἀπομαραίνεται
1098 1664 1157 1746 γὰρ
1176 1662 1237 1725 ούυ·

280 1814 391 1896 μόνιμα
414 1811 439 1879 δ’
457 1815 494 1879 ού
516 1816 554 1881 τὰ
576 1814 703 1902 χρήματ’
725 1819 793 1881 ἐστὶ
816 1817 988 1882 κάπέδωκευ
1011 1818 1043 1883 ές
1065 1815 1170 1882 πλέον.

279 1970 319 2051 μὴ
344 1969 383 2032 σύ
404 1969 432 2055 γ’
456 1971 585 2052 αὐθάδης
607 1972 681 2060 γένη
702 1970 771 2055 μηδ’
795 1974 907 2051 ἰταμός·
943 1970 962 2052 ἦ
984 1974 1103 2039 πολλὰς
1126 1973 1195 2053 έγιύ,

280 2124 345 2191 νέος
369 2123 413 2190 ὅτ’
435 2125 462 2207 ἦ,
487 2125 598 2208 ξύνοιδ’
621 2128 735 2212 ἐμαυτῷ
752 2127 893 2210 μείρακας
917 2124 1063 2213 θεωμένιρ·

281 2276 318 2358 ἦν
340 2282 372 2345 δὲ
396 2280 571 2364 Σωκράτους
593 2280 737 2364 μαθητής,
760 2281 794 2348 δς
814 2279 939 2369 παρῄνει
960 2305 1012 2363 μοι
1034 2280 1115 2357 τάδε,

280 2434 320 2515 μή
343 2459 372 2499 τι
394 2441 448 2501 τοῦ
471 2437 604 2501 πλούτου
625 2437 716 2522 χάριν
738 2440 875 2517 γυναῖκα,
898 2435 1051 2500 πλουσίαν
1074 2432 1100 2498 δ’
1121 2433 1206 2517 όγου.

282 2589 364 2652 ταῦτ’
387 2591 447 2673 ἑγδ
471 2588 607 2657 πεισθεὶς
628 2593 711 2658 ὅπως
733 2593 880 2675 ἐπέτυχον
902 2587 921 2678 ᾗ
944 2587 1053 2668 ξύνειμ’
1078 2588 1123 2653 έτι

279 2740 382 2829 γῄδιον
405 2740 455 2807 καὶ
477 2747 554 2825 βοῦς
578 2744 691 2832 ἐχούσῃ
714 2747 767 2809 καί
787 2769 816 2809 τι
838 2747 966 2828 χρυσίου
987 2769 1024 2828 γε
1046 2743 1129 2826 πρός,

281 2901 345 2963 πῶς
366 2897 433 2982 ἔχοι
456 2896 587 2964 κάλλους
610 2897 676 2978 ἐμοὶ
697 2902 755 2979 μὲν
777 2898 871 2963 οὐκέτ’
895 2897 993 2985 εἰσῄει
1016 2901 1151 2972 σκοπεῖν,

282 3057 461 3134 κατοφιλῶυ
484 3049 510 3115 δ’
533 3052 655 3136 ἔχαιρον
678 3053 717 3120 ὡς
739 3052 777 3117 δυ
798 3056 873 3134 μηδὲ
893 3057 949 3137 γρῦ
972 3050 1161 3134 κεκτημένην.

281 3205 351 3270 ἀλλ’
373 3205 449 3292 ἐρᾷς·
477 3206 547 3272 ἀλλ’
565 3206 662 3285 ἔστιν,
677 3204 701 3272 δ
716 3206 791 3287 μέλ’,
807 3207 869 3289 άμο
890 3208 978 3290 κόρης
999 3205 1047 3272 καὶ
1067 3207 1238 3292 χρημάτων,

281 3358 330 3425 καί
353 3363 454 3426 δικαία
476 3360 512 3440 δὴ
536 3358 674 3445 ξυνᾴδειν
694 3360 714 3441 ἡ
737 3360 812 3445 γυνή
835 3359 864 3425 θ’
886 3360 907 3442 ἥ
928 3357 955 3425 τ’
977 3360 1075 3427 ούσία·

282 3514 347 3579 οἴδα
370 3521 443 3599 γοῦν
465 3516 562 3601 ἔγωγε
585 3517 727 3598 πεμφθεὶς
749 3516 786 3597 νὴ
810 3519 862 3581 Δί’
883 3516 1048 3600 ἐπίκληρον
1069 3517 1178 3598 λαβὼν

282 3668 369 3734 ούδέν
390 3668 484 3750 ἦττον
507 3671 589 3736 άλλδ
610 3675 732 3750 μᾶλλον
754 3677 817 3738 πῶς
839 3675 937 3738 δοκείς
958 3669 1025 3736 ποτ’
1049 3671 1179 3737 εἰκότως.
