3050 4476
626 381 841 430 oxouurus
864 366 880 393 ““
972 408 977 441 ,ν
1087 407 1103 445 2

688 572 788 614 Lxxx1

409 665 521 730 Πολλὰ
542 671 598 746 μὲν
620 666 676 748 ἤδη
700 673 831 732 συνετῶν
855 664 952 746 ἐφάνη

409 769 525 852 ῥήματα
546 772 675 852 βίβλοις
696 778 763 838 τοῖς
784 797 817 836 τε
838 777 982 838 παλαιαῖς

410 862 663 957 ἐγκεχαραγμένα,
685 881 750 942 τοῖς
774 871 800 938 θ’
822 874 881 956 άμο
904 882 962 940 τῶν
986 880 1046 955 νῦν,

411 977 450 1042 ὦς
472 979 509 1040 τό
530 1004 566 1061 γε
588 981 696 1056 τλῆναι
719 978 782 1041 κατ’
806 980 951 1056 άλήθειον

409 1087 471 1152 τρῖς
494 1083 673 1165 ἆνδρείοισιν
695 1082 832 1167 ὑπάρχει·

408 1186 548 1251 τοιούσδε
569 1187 678 1268 λόγους
700 1184 920 1266 ἐπιδειξάμενοι

409 1287 499 1376 τέχνῃ
521 1292 642 1377 πιθονῇ,
662 1296 722 1354 τῶν
744 1315 777 1354 τε
798 1296 947 1373 μεριμνῶν

411 1392 575 1474 κηλητήρια
597 1393 695 1473 λύπης
717 1420 750 1459 τε
773 1396 864 1471 κακῆς

410 1497 632 1575 ἐπιβάλλοντες
655 1502 897 1579 παραμυθοῦνται

411 1598 467 1665 τὸν
486 1602 670 1680 δυσδαίμονα
692 1606 783 1681 μηδὲν
804 1603 938 1666 ὑπείκειν

410 1710 473 1772 τοῖς
494 1707 667 1789 μόχθοισιν,
692 1708 829 1788 στέργειν
852 1706 878 1770 δ’
901 1707 920 1770 ἃ
943 1705 1011 1773 θεὸς

412 1814 473 1874 τοῖς
495 1808 627 1889 ἡμερίοις
648 1807 817 1885 ἐπιπέμπει.

412 1911 482 1975 ἀλλ’
501 1912 537 1975 οὐ
559 1915 616 1997 γὰρ
638 1912 690 1978 τὸν
713 1918 890 1996 στυγεραῐσι
912 1912 995 1979 δύαις

411 2018 668 2099 κοτατρυχόμενον
690 2017 795 2082 κείνων
818 2019 835 2079 ὁ
856 2018 961 2099 ψόφος

412 2122 499 2200 αἴρει,
522 2118 657 2198 κάμουσο
679 2121 760 2204 νόσῳ
784 2126 921 2185 κελαδεῖν

413 2224 553 2302 φαίνεται
576 2223 690 2302 ἄλλως,
712 2221 812 2304 ἦνμὴ
836 2226 942 2289 θεόθεν

410 2330 514 2410 ψυχῆς
536 2330 662 2408 θολερᾶς
685 2326 811 2407 κρύφιόν
832 2353 861 2390 τι
883 2325 968 2412 λάβῃ

412 2426 524 2513 θάρσος
545 2429 653 2511 νεαρόν
674 2456 708 2496 τε
731 2428 854 2511 κράτους
876 2430 984 2514 πηγήν,

414 2533 469 2596 κάν
490 2559 536 2599 τις
558 2535 681 2621 ἀπείπῃ,

411 2637 523 2719 βαρέος
545 2639 703 2719 θελκτήρια
727 2641 829 2719 θυμοῦ.

684 2997 797 3038 LXXXII

319 3094 430 3154 Prodit
451 3094 581 3170 pulchra
602 3094 699 3155 Chloe
720 3091 862 3173 (fateor);
883 3113 948 3153 non
968 3093 1036 3170 ipsa
1056 3093 1157 3154 Dione

360 3192 461 3269 surgit
480 3193 621 3269 Apelleis
642 3192 803 3269 pulchrior
823 3192 858 3252 in
879 3193 1003 3253 tabulis.

320 3311 376 3350 cur
395 3290 512 3350 maiore
532 3295 638 3351 tamen
658 3291 760 3368 tangit
782 3291 945 3350 dulcedine
966 3294 1075 3367 pectus

360 3389 504 3465 Cynthia,
528 3408 661 3467 praeque
683 3390 752 3448 aliis
773 3388 922 3448 omnibus
944 3409 1007 3449 una
1028 3389 1157 3465 placet?

320 3486 437 3547 scilicet
458 3487 544 3546 illius
565 3488 730 3548 referentia
749 3488 872 3547 lumina
893 3489 1012 3549 caelum

360 3586 493 3661 pictores
514 3589 673 3664 nequeunt
692 3589 758 3646 arte
780 3587 894 3646 referre
914 3607 986 3647 sua:

319 3688 351 3743 el
371 3685 492 3761 quoties
513 3685 659 3762 loquitur,
683 3685 801 3744 discors
822 3686 913 3744 sonat
932 3684 1001 3761 ipsa
1021 3683 1177 3761 palumbis

361 3785 427 3842 tam
449 3784 529 3843 bona
549 3802 631 3856 γυνη
658 3783 732 3842 adeo
754 3783 877 3843 dulcius
897 3783 952 3843 illa
973 3787 1071 3842 sonal.
