3050 4476
617 346 832 394 OXONIENSIS

682 525 759 566 ml

292 646 329 705 A.
361 641 465 705 Καίτοι
489 640 548 706 τόδ’
573 642 683 706 οἶδα-

293 745 327 803 Β.
567 742 598 804 τί
617 742 678 806 τόδ’
703 744 880 821 ἐπίστασαι,
904 743 1030 816 τέκνον;

292 845 328 902 Α.
356 839 434 921 ἀγαν
457 839 484 922 γ’
509 843 612 907 ὁποῖος
634 840 800 924 παρθένους
823 841 897 923 ἔρως
920 843 995 925 ἔχει,

357 942 406 1005 αἶς
429 941 515 1004 οὐδὲν
537 940 638 1020 ἧσσον
660 940 805 1022 ἀρσένων,
830 942 915 1008 εἰδὼς
937 942 1027 1025 λέγω,

357 1038 391 1102 τὸ
413 1044 525 1105 πιστὸν
549 1037 709 1120 ἐμπέφυκε·
738 1040 786 1103 καὶ
809 1039 866 1122 γὰρ
889 1039 926 1118 ἦν
948 1043 1038 1121 πατρὶ

358 1138 444 1225 τώμῷ
465 1146 588 1221 γεγῶσα
609 1145 680 1206 παῖς
702 1139 780 1215 ποθ’,
803 1137 841 1218 ἣν
864 1140 970 1221 ἀνδρὸς
993 1142 1085 1206 πόθος

359 1238 517 1322 κατέσχεν,
541 1242 614 1320 οἶος,
637 1242 663 1303 εἰ
685 1240 760 1321 γυνὴ
783 1240 885 1322 ’τνχον
908 1241 1005 1322 γεγὼς

357 1339 425 1421 έγό,
448 1339 598 1421 κατάσχοι
622 1339 690 1419 κᾶμ’
714 1340 751 1404 ἀν
775 1343 875 1420 ἵμερος
900 1341 997 1405 σέθεν.

293 1444 326 1501 Β.
356 1440 404 1503 καὶ
426 1443 514 1503 ποῖον
536 1440 584 1518 ἦγ’
607 1441 706 1521 έρῶσα
726 1439 779 1505 τὸν
800 1441 883 1519 βίον,
905 1439 987 1521 λέγε.

293 1544 329 1603 Α.
353 1537 400 1621 ἦγ’
423 1541 514 1622 όνπερ
536 1539 617 1622 ἦγεν,
639 1540 672 1604 οὐ
694 1538 751 1621 γάρ
775 1539 838 1618 οἶδ’,
860 1538 947 1619 ἀναξ,
970 1545 1086 1620 σαφῶς.

358 1638 393 1701 οὗ
414 1638 472 1721 γάρ
494 1639 560 1703 ποτ’
583 1639 687 1718 ηὔδησ’
709 1642 772 1705 οἶος
795 1641 897 1720 ἵμερος
919 1637 989 1720 κέαρ

359 1739 494 1816 ἔδαπτεν,
516 1739 587 1801 ἀλλ’
609 1739 734 1822 ἔκρυπτε
757 1736 819 1820 σῖγ’
842 1739 903 1802 ἔσω
927 1744 1055 1820 φρενῶν,

361 1838 409 1902 ἀεί
428 1865 465 1920 γε
487 1839 628 1903 σόννοιάν
650 1837 704 1903 τιν’
728 1839 932 1918 ένδατουμένη,

359 1936 432 2000 ὥστ’
454 1939 612 2016 ε’κτακῆναι
635 1938 787 2016 καλλονὴν
806 1936 921 2019 ῥέθους,
942 1938 1028 2016 δίκην

357 2037 446 2117 ῥόδου
469 2035 636 2117 φθαρέντος
658 2037 876 2117 ἀμμοτοστερεῖ
895 2035 1014 2122 βλάβῃ·

358 2135 438 2221 λύπῃ
461 2135 485 2199 δ’
509 2137 604 2198 ἀεικεῖ
625 2133 846 2217 συγκεκραμένη
869 2137 963 2212 καλῆς

360 2233 473 2317 ἥμειψε
494 2239 600 2318 χροιᾶς
623 2235 723 2310 ἄνθος,
746 2235 886 2315 ὀμμάτων
908 2235 968 2298 ἀπο

359 2334 471 2416 γελῶσ’
494 2334 539 2398 ἐπ’
562 2332 790 2414 ἀγελάστοισιν,
813 2333 985 2416 ἀφθέγκτου
1008 2335 1092 2412 δίκην

361 2437 502 2515 Σειρῆνος
524 2435 556 2497 ε’ν
578 2435 741 2513 τόμβοισιν
763 2431 976 2520 έξῃκασμένης.

360 2534 415 2614 οὐχ
436 2533 531 2612 οὗτος,
555 2536 583 2596 εἴ
602 2559 657 2609 τις,
679 2532 716 2612 ἦν
737 2534 811 2615 ἔρως
832 2536 935 2616 ψυχῆς
957 2534 1041 2606 όπο;

362 2633 460 2714 ὅρκοις
482 2638 630 2715 γυναικῶν
653 2635 701 2696 καὶ
722 2634 827 2714 λόγοις
850 2633 901 2696 οὐκ
924 2631 989 2696 ἔσθ’
1010 2633 1053 2695 ὅτ’
1074 2632 1108 2695 οὐ

361 2738 523 2815 κρατοῦμεν
546 2734 658 2815 ἄνδρες,
683 2731 765 2797 ἀλλὰ
788 2732 846 2797 κάν
867 2733 983 2798 τούτοις
1003 2733 1098 2797 πλέον

361 2838 520 2899 δοκοῦντας
541 2833 619 2912 ἡμᾶς
640 2831 658 2912 ἢ
681 2834 826 2899 θέλοντας
847 2833 911 2896 ἔστ’
934 2835 1016 2907 ἰδεῖν,

360 2930 454 2996 δειλοὶ
477 2930 502 2996 δ’
525 2934 648 3013 ἔρῶντές
669 2935 774 3012 ἔσμεν,
795 2935 828 2995 ἐν
849 2933 954 3013 λόγοις
974 2931 1069 3014 ἄκροι.

197 3074 204 3081 -
298 3037 331 3095 B.
353 3031 372 3111 ἦ
395 3031 497 3096 κόθαν’
520 3031 538 3110 ἡ
563 3037 641 3108 παῖς,
665 3035 704 3118 τῷ
729 3033 814 3118 πόθῳ
838 3033 1031 3113 δεδμημένη,·

297 3138 333 3195 Α.
360 3133 431 3215 ὁρᾷς
454 3131 512 3211 ἔμ’,
535 3129 623 3210 ὦναξ,
647 3133 727 3211 πλὴν
750 3131 776 3196 δ’
800 3134 873 3213 έμοῢ
896 3137 1006 3212 πατρὸς
1030 3132 1133 3213 δόμοις

362 3228 459 3297 οὐδεὶς
483 3230 522 3294 ἔτ’
547 3229 609 3294 ἔστ’
633 3230 668 3294 οὗ
691 3234 785 3309 θῆλυς
807 3229 869 3296 οὐδ’
890 3230 987 3313 ἄρσην
1008 3231 1107 3314 γόνος.

363 3331 461 3395 καίτοι
482 3329 543 3396 τόδ’
567 3330 618 3394 οὐκ
642 3327 707 3394 οἶδ’·
739 3329 819 3409 ἀλλ’,
843 3329 928 3412 ἄναξ,
952 3329 1053 3398 θέλεις
1075 3333 1160 3411 μόλω

362 3435 436 3512 πρὸς
458 3430 513 3510 τὴν
533 3434 668 3512 γυναῖκα,
692 3431 764 3496 σοὺς
786 3433 896 3513 λόγους
919 3431 1001 3498 αὖθις
1026 3430 1128 3513 φέρων
1140 3458 1151 3506 ;

298 3536 332 3595 Β.
363 3530 412 3604 ἴθ’,
436 3530 611 3613 ἔγκόνησον,
635 3527 764 3611 καὶγὰρ
787 3532 820 3593 ἔν
842 3534 933 3614 καιρῷ
955 3531 1064 3612 λέγεις,

361 3631 450 3693 λίθον
473 3632 505 3694 δὲ
527 3628 614 3708 τήνδε
637 3635 687 3695 δὸς
706 3630 824 3708 λαβών,
847 3627 982 3711 ἄγγελλε
1006 3631 1038 3693 δὲ

362 3729 488 3809 ἄρνησιν
511 3729 550 3796 ὡς
573 3730 625 3792 οὐκ
647 3729 736 3808 οἶδεν,
759 3730 793 3793 οὐ
814 3728 922 3810 τριβὰς
944 3729 1025 3809 ἔρως.
1136 3761 1159 3794 ν.
1172 3762 1197 3794 κ.
