3050 4476
621 314 839 362 OXONIENSIS

709 493 750 534 GV

267 581 293 640 Ο
314 600 411 658 quam
431 581 535 642 forma
555 580 635 641 solet
655 582 825 642 formosior
845 581 901 641 illa
921 581 1023 643 videri

307 679 358 739 cui
379 679 473 739 decus
493 680 623 740 accessit
645 681 729 757 quod
750 681 837 741 dabit
857 700 921 739 una
941 681 1038 743 fides!

266 777 368 837 forma
388 796 477 838 rosae
497 777 629 853 pulchra
649 779 704 853 est,
729 780 762 837 at
781 778 944 854 pulchrior
962 799 1029 838 esse
1049 774 1180 855 putatur

307 894 384 935 aura
404 876 488 951 quod
508 876 544 934 in
563 875 667 935 medio
687 875 769 936 vivit
790 876 886 935 odora
907 875 988 937 sinu.

265 974 414 1034 flosculus
434 974 469 1032 in
488 974 588 1049 pratis
607 976 696 1034 tanto
717 974 881 1050 splendore
901 975 1038 1035 rubescit

306 1073 444 1149 quantus
465 1072 629 1132 odoriferis
648 1074 697 1132 est
718 1072 804 1132 color
823 1072 877 1131 ille
898 1073 998 1148 rosis3

265 1170 397 1246 pensilis
417 1170 452 1230 in
473 1170 562 1246 spina
583 1170 688 1248 simili,
713 1170 837 1232 lascivit
856 1173 893 1230 ut
913 1171 985 1231 illae

307 1290 380 1329 cum
400 1269 530 1347 zephyri
550 1269 678 1329 timidas
698 1269 785 1329 elicit
804 1289 881 1329 aura
901 1290 1014 1330 comas.

266 1367 328 1442 sed,
352 1368 470 1444 species
490 1370 625 1443 tantum
649 1369 773 1444 spretus
794 1368 944 1444 floretque
966 1368 1118 1445 caditque,

306 1465 431 1541 labitur,
456 1468 489 1525 at
508 1486 602 1526 nemo
623 1466 734 1527 tollere
756 1467 845 1526 curat
865 1468 983 1541 humo;

266 1584 332 1625 non
351 1584 388 1623 ea
408 1565 446 1624 fit
466 1566 580 1624 natura
599 1564 688 1640 rosis,
713 1564 914 1624 dulcissimus
933 1584 1017 1625 unus

305 1663 446 1723 nascitur
465 1683 504 1722 ex
524 1663 589 1723 illis
609 1683 682 1723 cum
702 1663 883 1723 moriuntur
903 1663 988 1723 odor.

265 1762 309 1821 sic
330 1761 397 1837 tibi,
423 1762 512 1821 dulce
533 1764 634 1837 caput,
658 1762 735 1821 dum
755 1763 873 1822 formae
894 1762 994 1838 gloria
1013 1763 1139 1837 marcet,

307 1862 367 1920 stat
388 1860 462 1919 fidei
482 1860 572 1920 testis
592 1859 705 1938 pagina
726 1862 834 1920 nostra
854 1863 934 1921 tuae.

1093 1970 1193 2008 aaa.

721 2145 775 2186 ow

268 2241 433 2302 Desierant
451 2242 586 2302 imbres:
607 2244 694 2302 vates
714 2261 771 2318 per
790 2220 890 2301 strata
907 2240 1032 2301 viarum

306 2349 439 2409 excessit
457 2349 552 2409 urbe:
572 2348 687 2408 leniter
707 2368 783 2408 aura
802 2350 887 2425 tepet
906 2348 1038 2409 veniens

265 2455 376 2516 limine
396 2457 435 2517 ab
455 2456 529 2531 Eoo,
553 2476 610 2533 per
629 2455 771 2531 flavaque
791 2454 947 2514 messibus
969 2474 1043 2514 arva

304 2563 444 2623 undabat
464 2563 576 2623 umbra
596 2561 781 2639 multiplex:
801 2561 855 2621 ille
877 2561 946 2620 loco
966 2580 1065 2620 vacuo

264 2668 379 2728 assidet
398 2670 430 2728 et
451 2688 577 2728 carmen
598 2670 665 2728 tam
685 2668 775 2728 suavi
795 2687 870 2727 voce
889 2666 1060 2745 profundit,

305 2777 445 2834 moretur
465 2777 502 2834 ut
521 2793 638 2852 cycnus
657 2774 768 2834 volans
788 2774 938 2845 aemulus,
962 2773 1063 2850 adque
1083 2771 1177 2848 pedes

266 2880 366 2941 dulcis
386 2881 496 2941 alauda
516 2882 623 2940 cadat:
644 2900 702 2940 nec
721 2880 787 2939 iam
807 2882 944 2940 sectatur
963 2878 1100 2939 hirundo

303 3006 376 3064 apes
396 2989 432 3047 ut
452 2990 543 3047 ante:
564 2988 624 3048 sub
644 2988 739 3047 rubos
759 2987 847 3064 lapsa
868 2987 995 3047 colubra
1014 2985 1103 3060 latet,

264 3097 295 3153 et
315 3095 421 3170 stupet
441 3093 587 3171 accipiter
606 3094 736 3170 praedae
756 3093 903 3172 lanugine
923 3095 1063 3154 rostrum

303 3200 453 3276 imbutus,
475 3201 656 3260 auscultans
675 3200 792 3260 melos:
813 3203 884 3260 tum
904 3198 1082 3260 Philomela
1102 3198 1182 3261 sibi:

262 3307 436 3383 permultos
457 3307 555 3367 cecini
576 3311 695 3380 cantus,
719 3327 831 3367 verum
851 3307 997 3368 omnibus
1017 3307 1078 3369 iste

302 3416 351 3473 est
370 3413 482 3473 laetior
501 3414 605 3475 modis
624 3414 721 3474 meis:
748 3413 939 3475 vaticinatur
958 3414 1046 3475 enim

263 3521 404 3597 tempora
424 3520 559 3581 labentis
580 3541 658 3599 quae
679 3520 744 3581 sint
764 3523 897 3582 ventura
917 3541 1100 3598 perennes,

302 3625 353 3686 his
375 3627 467 3686 rebus
488 3627 603 3688 exactis
624 3627 721 3688 simul
741 3628 841 3688 saecla
860 3628 960 3689 fluent
980 3627 1102 3688 melius.

1088 3738 1114 3774 A.
1127 3739 1156 3774 Η.
1168 3738 1192 3774 0.
