3028 4468
627 367 842 421 OXONIENSIS

234 547 292 587 nec
311 528 428 587 formas
450 531 550 588 astare
572 526 739 587 hominum
760 528 813 586 sed
834 530 923 586 torva
944 526 1071 585 leonum

234 646 362 703 corpora
382 626 538 703 conspexi,
561 626 655 702 plene
676 625 735 685 sub
755 624 875 685 lumine
895 625 997 699 lunae,

233 724 378 784 excubias
399 744 488 802 agere
509 728 540 784 et
561 725 682 784 clausas
704 723 844 784 obsidere
864 725 978 800 pertas.

233 823 347 882 emicui
367 823 401 882 in
422 823 520 883 scalas
541 824 650 897 audax,
675 822 848 899 cumbaque
868 821 976 881 relicta

234 922 317 981 niter
338 922 372 981 in
393 923 576 985 adversum:
605 921 750 983 destricte
771 921 914 998 protinus
935 941 1009 980 ense

233 1024 306 1079 ante
326 1020 404 1080 soris
424 1021 560 1080 aderam.
604 1020 710 1080 subito
731 1020 851 1080 feruore
874 1019 979 1079 leones

233 1118 421 1196 arrectisque
442 1123 562 1179 exstare
583 1118 674 1193 iubis,
700 1138 755 1178 ceu
776 1117 877 1194 surgit
897 1118 932 1176 in
953 1137 1040 1178 arma

233 1217 429 1295 bellipotens,
452 1237 660 1295 umerumque
682 1216 771 1277 uncis
791 1216 855 1276 iam
874 1217 1023 1293 prendere
1043 1216 1203 1293 utrimque

233 1318 390 1393 unguibus
411 1317 567 1376 horrendo
588 1315 701 1379 stantis
722 1315 900 1383 discrimine
920 1316 984 1383 leti.

1057 1427 1080 1462 Ε.
1092 1427 1119 1462 D.
1131 1427 1156 1461 A,
1171 1427 1199 1462 1.

679 1712 792 1754 CXXVII

231 1808 306 1884 Vos,
329 1810 427 1885 fluvii,
452 1829 550 1886 genus
571 1808 748 1886 antiquum,
772 1809 930 1886 silvaeque
950 1811 1099 1883 vetustae,

232 1927 310 1983 quas
330 1909 452 1983 trepide
474 1908 609 1967 celebrat
629 1907 746 1968 vocalis
766 1909 859 1967 turba
880 1927 1030 1982 susurr0;

231 2026 295 2082 ves,
321 2007 401 2084 iuga,
426 2027 491 2082 vos,
516 2007 641 2083 Tempe,
666 2007 746 2066 festo
768 2007 917 2066 laetantia
938 2007 1002 2067 ritu

232 2123 309 2179 quae
331 2105 453 2164 cultum
474 2104 798 2181 induitis—ventique
819 2107 851 2164 et
872 2106 980 2165 nubila
1001 2106 1086 2180 caeli,

232 2204 327 2278 tuque
347 2203 429 2262 mari
450 2203 544 2262 tellus
565 2203 709 2263 nimboso
730 2203 852 2263 foedere
873 2208 981 2280 nupta,

230 2305 262 2359 et
282 2322 432 2378 superum
453 2302 535 2362 dono
555 2302 649 2361 terris
670 2321 882 2379 quaecumque
904 2303 1030 2362 novatis

231 2399 336 2459 vivida
356 2400 495 2460 luxuriat
515 2400 627 2474 proles,
652 2403 846 2476 matremque
867 2400 999 2460 salutat:

231 2497 290 2556 hoc
310 2517 368 2574 ego
388 2517 473 2558 nunc
490 2498 708 2575 quodcumque
730 2496 841 2557 hilaris
862 2497 1048 2574 coniungere
1069 2501 1179 2561 cantus

230 2598 336 2655 vestro
357 2616 442 2670 aveo,
466 2596 596 2655 brumae
617 2615 783 2672 perpessus
803 2599 835 2657 et
855 2597 921 2672 ipse
943 2596 1065 2657 furores

232 2693 286 2768 qui
305 2695 505 2770 tempestates
521 2694 621 2754 animi
640 2693 802 2771 diramque
822 2694 949 2754 ruinam

231 2791 316 2851 evasi
336 2791 512 2852 incolumis.
555 2812 615 2868 me,
639 2813 690 2852 me
712 2792 891 2869 genitabilis
911 2813 988 2853 aura

232 2888 343 2948 leniter
363 2888 488 2964 afflavit,
512 2909 563 2948 me
583 2910 640 2951 ver
660 2892 809 2950 recreavit
830 2891 967 2952 amicum

231 3007 362 3064 spesque
384 3007 481 3048 nevas
502 2988 596 3064 addit,
620 2988 730 3049 vitalia
750 2989 879 3065 semina,
904 2990 1011 3050 menti.

232 3086 289 3147 has
309 3107 383 3163 erge
404 3086 530 3146 institui
550 3070 888 3164 praesenti'exsolvere
909 3089 990 3162 divo,

232 3186 374 3263 quisquis
394 3186 422 3246 is
442 3189 497 3262 est,
521 3187 674 3262 lacrimas,
699 3187 754 3264 qui
774 3208 825 3247 me
847 3188 977 3265 caligine
999 3189 1066 3249 dira

231 3280 331 3340 -etsi
351 3301 408 3340 nec
429 3300 558 3340 sensum
578 3282 697 3358 retegit,
721 3301 779 3341 nec
800 3283 937 3343 cernitur
957 3284 1056 3344 ulli-

231 3401 302 3441 vere
323 3401 406 3441 novo
427 3382 609 3456 exemptum
630 3379 730 3439 dulcis
751 3380 858 3439 eduxit
879 3381 914 3440 in
934 3402 1035 3444 auras.

231 3480 361 3556 preinde
375 3498 550 3556 ego-nam
563 3497 614 3536 me
628 3479 688 3537 hoc
705 3478 783 3538 scire
800 3477 990 3557 sinit—pars
1007 3481 1073 3558 ipse
1093 3487 1233 3545 catervae

230 3582 359 3656 argutae
380 3578 527 3637 modulor
547 3580 641 3637 cantu
662 3597 739 3655 quas
760 3577 893 3639 flumina
913 3599 1005 3640 voces

231 3697 294 3738 una
314 3678 412 3736 edunt
432 3676 659 3752 volucrumque
681 3697 787 3754 genus,
812 3681 997 3756 montesque
1019 3679 1200 3757 loquuntur.
