3028 4468
611 330 827 392 oxomensrs

661 598 786 640 CXXVIII

301 695 373 755 Urit
393 714 443 754 me
464 713 554 755 meus
574 693 736 771 uriturque
756 697 884 753 amator.

299 794 370 870 quis
390 792 439 868 sit,
464 792 638 869 quaeritis?
665 794 713 852 est
734 792 830 851 timor
849 791 947 852 fateri

298 911 374 951 nam
394 891 584 951 desiderium
603 910 711 950 meum
730 890 852 967 puellae

298 989 326 1048 si
346 989 462 1064 norint,
486 989 558 1065 scic,
582 988 646 1050 iam
666 988 782 1062 volent,
805 988 964 1049 amabunt

298 1087 349 1148 sin
369 1089 488 1148 celatus
507 1087 575 1163 erit,
598 1087 713 1164 peribit
733 1088 837 1147 omnis

298 1185 436 1246 fructus:
464 1206 541 1246 nam
561 1185 629 1245 leve
649 1185 800 1262 gaudium
821 1189 869 1245 est
890 1185 974 1262 quod
994 1184 1051 1244 uni

297 1283 460 1344 adsertum
479 1285 578 1358 vacat,
602 1283 694 1343 alteri
714 1285 844 1360 tegetur.

337 1384 371 1440 at
391 1381 528 1457 pulcher,
552 1381 667 1458 quibus
687 1380 828 1442 invenire
848 1382 895 1441 fas
914 1384 971 1455 cst,

296 1484 328 1540 et
349 1480 493 1558 fragrans
511 1483 711 1559 vegetusque,
735 1484 773 1541 ut
793 1482 883 1542 albus
903 1482 1019 1555 aether,

298 1582 398 1640 aestas
419 1600 492 1640 cum
512 1581 601 1656 calet,
624 1582 701 1641 utve
721 1600 820 1657 purus
840 1600 900 1641 aer.

298 1681 368 1738 tum
389 1699 444 1739 ceu
465 1678 597 1739 candida
617 1699 710 1738 mane
732 1679 872 1739 liliorum

295 1777 373 1837 haec
393 1777 443 1836 illi
461 1780 510 1838 est
529 1776 641 1837 iacies:
669 1797 770 1854 neque
790 1778 875 1838 hunc
895 1778 992 1838 latere

296 1876 421 1936 confido
441 1878 557 1951 tamen,
581 1878 613 1935 et
633 1877 735 1953 magis
754 1877 887 1937 verebor

297 1974 425 2033 dantem
446 1974 589 2050 pluribus
609 1977 642 2034 et
661 1975 712 2035 sui
732 1974 904 2052 profanum.

668 2279 768 2320 cmx

295 2374 368 2434 Non
388 2395 466 2450 mea,
490 2395 555 2434 non
575 2375 686 2451 pepuli
705 2375 834 2435 timidae
854 2375 1015 2451 praesagia
1034 2374 1150 2434 mentis

334 2494 441 2534 16111111
461 2477 612 2535 venturas
631 2475 803 2536 vaticinata
822 2474 916 2548 vices,

295 2575 421 2650 tempus
442 2574 598 2634 amicitiae
618 2577 768 2650 poterunt
788 2574 853 2634 iam
873 2593 990 2650 ponere
1010 2574 1144 2648 nostrae,

334 2692 431 2749 quam
450 2673 545 2733 mode
565 2672 703 2733 clausuri
722 2693 826 2733 carcer
844 2675 877 2732 et
896 2691 996 2731 uncus
1016 2674 1112 2731 erant

295 2769 370 2830 luna
391 2770 560 2831 laborando
581 2771 701 2847 defecit,
724 2774 758 2831 et
778 2770 869 2830 irrita
888 2773 1018 2830 vertunt

334 2869 441 2929 emina
461 2869 590 2930 terrifici
610 2886 689 2947 qnae
709 2871 845 2929 cecinere
866 2889 964 2929 senes.

292 2967 385 3028 anxia
405 2968 470 3027 iam
490 2968 587 3042 festis,
611 2989 702 3029 curae
723 2988 840 3028 cessere
861 2966 991 3043 66161116,

333 3066 417 3143 pacis
437 3066 640 3128 inexhaustos
661 3067 747 3127 ducit
768 3066 851 3127 oliva
872 3066 946 3126 dies.

292 3185 376 3226 nunc
396 3166 479 3227 viret
499 3168 672 3228 ambrosiae
692 3167 821 3246 liquidis
841 3167 900 3227 sub
921 3166 1045 3227 roribus
1065 3167 1161 3227 herae

330 3267 438 3325 noster
459 3285 554 3343 amer,
578 3267 661 3328 cedit
681 3288 765 3328 nunc
786 3266 925 3327 Libitina
945 3264 1046 3339 mihi3

291 3361 325 3420 in
346 3363 436 3423 tenui
455 3364 515 3424 hcc
535 3384 630 3424 versu
650 3365 764 3438 vivam,
788 3365 866 3425 dum
886 3363 1060 3441 quamlibet
1079 3364 1134 3425 illa

332 3463 433 3522 saevit
453 3463 487 3522 iu
506 3462 643 3540 elinguis
664 3483 699 3523 ac
719 3463 787 3522 sine
806 3483 883 3523 voce
903 3462 1024 3537 tribus3

291 3562 517 3638 aeternumque
539 3561 588 3621 tui
607 3565 852 3621 monumentum
871 3562 932 3621 hoc
951 3562 1055 3633 stabit,
1079 3563 1184 3637 amice,

331 3678 404 3718 cum
425 3659 557 3720 tumidis
577 3679 687 3736 regum
708 3659 844 3720 molibus
864 3679 934 3720 aera
954 3660 1072 3720 cadent.

1077 3772 1103 3805 A.
1116 3770 1139 3806 Τ.
1151 3771 1176 3805 B.
