3050 4476
637 315 853 366 oxonmusm
1189 320 1247 384 135

700 480 801 522 LXXIX

288 577 369 636 Cum
389 576 481 637 video
502 577 625 654 antiqui
646 578 805 655 quondam
826 577 936 638 decora
957 597 1049 638 aurea
1070 576 1164 639 saecli

329 675 435 735 omnia
455 676 616 736 damnosis
636 679 726 736 eruta
747 676 948 752 temporibus,

288 793 472 851 eversosque
494 775 561 834 solo
581 774 687 849 turris,
713 777 898 850 aeternaque
918 774 995 834 ferri

327 872 440 932 robora
460 872 589 932 mortali
609 872 734 933 subdite
754 872 923 946 saevitia03

289 990 361 1029 oum
381 970 473 1031 video
494 970 608 1030 fluetus
628 973 750 1047 partem
770 970 924 1031 violenter
945 990 1055 1031 avaros
1099 984 1101 990 ‘

329 1069 451 1128 demere
471 1069 625 1129 harenoso
646 1068 748 1130 litoris
767 1069 908 1145 imperio,

287 1170 320 1227 et
339 1169 457 1227 terram
476 1167 613 1244 liquidas
633 1167 780 1227 invadere
801 1187 911 1227 rursus
931 1167 966 1226 in
986 1167 1096 1243 undas,

328 1269 478 1343 partaque
500 1286 557 1342 pro
580 1266 723 1342 demptis,
747 1286 865 1344 proque
886 1287 944 1343 ope
965 1266 1167 1343 pauperiem

289 1385 362 1424 oum
382 1364 426 1424 sio
447 1365 491 1423 ire
511 1364 595 1424 vices
615 1364 707 1424 video
728 1385 783 1441 per
802 1367 915 1424 mutua
935 1385 1049 1439 rerum,
1091 1378 1092 1381 ’

329 1464 511 1540 factumque
530 1483 548 1522 e
569 1462 679 1522 solidis
699 1463 836 1522 molibus
856 1462 1008 1537 exitium3

289 1581 340 1621 me
362 1581 485 1638 quoque
506 1563 596 1620 tanta
615 1560 707 1620 ruina
727 1562 843 1636 monet,
866 1561 1051 1637 quandoque
1072 1560 1215 1621 futurum

256 1721 259 1728 ,
330 1663 367 1719 ut
388 1659 516 1719 dirimat
535 1662 676 1719 nostram
697 1662 823 1735 tempus
843 1658 1024 1720 amicitiam.

290 1780 308 1818 o
330 1759 418 1819 dolor
438 1758 630 1834 exanimans,
656 1760 728 1818 oet
748 1757 916 1832 deflendus,
941 1758 1056 1818 habere

329 1858 362 1916 id
383 1856 434 1917 oui
453 1859 651 1933 praemetuas
673 1857 708 1915 tu
728 1858 835 1915 tamen
855 1855 1037 1917 interitum!

1116 1968 1141 2001 A.
1154 1967 1178 2003 Τ.
1190 1967 1215 2002 Β.

705 2068 791 2109 LXXX

411 2165 482 2226 Hoc
503 2167 583 2224 tecta
603 2164 706 2224 reddit
727 2167 801 2224 nota
821 2164 969 2241 puertiae,

412 2265 510 2325 scalas
531 2262 672 2323 sonantis
692 2263 849 2340 gressibus
870 2263 980 2340 orbiu,

452 2362 551 2423 ineisa
573 2382 635 2439 qua
654 2361 773 2438 scalpro
793 2363 914 2439 procaci

493 2461 623 2521 nomina
642 2460 814 2536 parietibus
835 2464 1020 2537 supersunt·;

380 2551 383 2556 ⁵
411 2561 465 2620 hio
485 2563 517 2620 et
538 2559 610 2619 silet
630 2580 692 2620 vox
714 2559 797 2619 clara
817 2559 973 2619 sodalium
994 2563 1026 2619 et

412 2646 495 2716 risus
516 2659 624 2716 acutae
643 2659 675 2716 et
696 2656 788 2716 nenia
809 2656 911 2732 tibiae,

453 2756 619 2832 discusque
639 2754 760 2814 tinnitu
780 2755 912 2815 molesto

491 2853 550 2930 'qui
570 2873 701 2913 vaouam
722 2853 855 2929 strepuit
876 2872 930 2928 per
950 2852 1064 2914 aulam.

413 2972 439 3027 a,
463 2953 538 3011 tolle
559 2951 691 3012 vinuml
719 2952 783 3011 iam
804 2971 905 3028 neque
925 2951 1043 3012 talibus

414 3051 505 3111 ardor
525 3053 653 3110 renatus
674 3049 792 3109 deliciis
813 3053 891 3127 eget,

453 3150 607 3226 priscique
628 3169 684 3225 per
702 3168 798 3208 venas
819 3167 940 3208 amores

495 3248 606 3307 mitius
627 3250 724 3324 utque
744 3247 812 3306 seni
832 3246 997 3307 calescunt.

414 3347 550 3425 potanda
571 3346 612 3407 sit
632 3347 684 3408 vel
705 3345 844 3423 lympha,
867 3345 1026 3405 videbitur

414 3446 473 3505 hae
493 3447 583 3505 noete
604 3446 706 3506 Canae
726 3445 797 3504 fusa
817 3443 953 3521 repotiis,

455 3545 603 3621 iussuque
625 3543 731 3604 divino
752 3543 925 3619 rubescens,

495 3641 618 3719 dignior
636 3644 670 3701 et
689 3642 754 3701 faoe
775 3641 918 3719 nuptiali.
990 3646 992 3651 ’

1073 3753 1215 3790 nnnm
