3028 4468
602 377 817 426 OXONIENSIS

659 1070 754 1111 CLXVI

701 1167 773 1227 Non
794 1166 875 1226 silva
894 1166 1031 1242 cadebat,

252 1283 317 1323 non
338 1264 440 1324 solida
461 1265 579 1324 excisae
599 1263 769 1325 veniebant
789 1284 864 1341 rupe
885 1263 1050 1324 columnae

252 1364 284 1419 te
305 1363 456 1422 condente
477 1364 626 1438 domum3
652 1362 770 1422 vitreas
790 1382 927 1439 namque
946 1362 1031 1422 eruis
1051 1361 1151 1420 undas

253 1461 436 1538 caerulaque
456 1482 495 1521 ex
515 1462 583 1538 ipso
603 1461 696 1538 ponis
715 1462 901 1521 fundamina
921 1462 1026 1537 ponto.

253 1559 311 1617 tali
332 1559 523 1636 crediderim,
547 1562 682 1631 matrem
704 1580 776 1620 cum
798 1562 960 1636 quaereret
981 1559 1065 1633 olim,

254 1657 379 1718 amissis
399 1660 556 1735 pastorem
578 1658 689 1735 apibus
709 1658 826 1718 vidisse
847 1658 1006 1717 sedentem

253 1754 395 1832 Cyrenen
417 1756 505 1816 aula:
533 1757 629 1816 talem
649 1756 777 1816 finxisse
799 1758 908 1831 poetae

253 1871 357 1912 arcem
377 1854 551 1913 debuerant
571 1853 679 1929 hiemi,
703 1873 765 1929 qua
785 1852 849 1911 tela
870 1852 1025 1912 laterent

253 1949 435 2010 nimborum
456 1951 642 2029 agminibus,
666 1951 834 2011 stridentes
854 1950 955 2009 imbre
977 1949 1116 2026 sagittae,

254 2047 446 2126 infestaeque
466 2049 568 2124 nives,
588 2052 620 2109 et
640 2049 770 2109 floribus
790 2068 900 2126 aspera
920 2048 1047 2126 grando.

255 2149 418 2205 creverunt
438 2147 556 2223 tacitae,
579 2148 681 2208 veluti
702 2168 780 2224 quas
800 2147 951 2225 fingimus
973 2146 1063 2205 aedes

254 2261 380 2320 surgere
400 2264 456 2320 per
476 2265 603 2305 somnos
614 2268 622 2321 ;
653 2266 719 2305 non
739 2266 848 2305 raucae
870 2245 988 2305 lamina
1010 2264 1118 2319 serrae,

255 2360 319 2400 non
340 2342 460 2402 ferrum
481 2342 588 2403 sonuit
607 2344 688 2404 ferro
699 2366 708 2419 3
735 2364 810 2403 nam
832 2343 976 2420 partibus
997 2341 1078 2418 aptis

255 2441 365 2515 sponte
387 2461 444 2499 sua
464 2441 594 2518 glaciem
615 2442 729 2519 glacies
750 2444 910 2519 compacta
930 2440 1053 2516 recepit,

257 2541 350 2614 atque
370 2539 524 2599 interfusa
545 2540 653 2601 didicit
675 2541 845 2601 coalescere
866 2540 1006 2617 lympha

254 2638 413 2713 pellebant
432 2639 520 2698 varia
540 2642 665 2698 noctem
685 2641 750 2699 face
771 2639 930 2715 lampades
952 2639 1043 2697 antro

256 2736 432 2811 dispositae,
456 2757 590 2813 quarum
611 2737 719 2797 lumen
741 2738 899 2798 sublustre
920 2754 1059 2796 recessus

255 2834 384 2894 mollius
404 2835 439 2893 in
459 2835 578 2896 vitreos
598 2838 751 2911 penetrat,
775 2835 863 2895 velut
884 2835 983 2893 altera
1004 2853 1136 2910 surgens

255 2932 350 2992 ferret
371 2933 447 2992 luna
467 2934 565 3008 iubar,
588 2934 641 2994 vel
661 2934 744 2993 caelo
766 2934 857 2994 stella
878 2953 986 2992 sereno

256 3031 406 3091 innocuas
426 3032 565 3092 traheret
586 3031 732 3092 delabens
753 3031 876 3091 aethere
896 3031 1048 3091 flammas.

1111 3158 1136 3192 Ε.
1148 3158 1170 3192 0.
1181 3156 1214 3191 W.
