3050 4476
534 370 540 388 ι
635 350 851 401 OXONIENSIS
1183 361 1238 405 111

168 566 174 576 ’
286 550 318 614 εὖ
340 552 367 616 δ’
389 550 427 619 ἂν
450 552 622 638 ἔπῴκτειρές
642 553 683 635 μ’,
707 557 767 620 ὅσα
789 556 878 635 κήδεα
902 562 969 639 κῆρι
991 560 1138 639 πεπόνθῃ,

329 705 385 772 κᾶν
407 705 526 791 ἐγέλας·
558 707 665 775 οὔκουν
687 709 815 794 ἀνδράσι
837 717 919 778 τοῖος
942 714 1026 795 ἔρως.

284 858 303 940 ἦ
325 860 363 924 δι’
385 861 438 940 ἐμὲ
460 863 562 942 φθίνει
583 862 638 942 ἥδ’,
661 864 739 945 ὥρας
761 888 794 928 τε
815 866 990 944 μαραίνεται
1013 867 1128 942 ἀνθος,·

325 1012 417 1078 τοιάδ’
439 1013 484 1096 ἀρ’
507 1013 544 1095 ἢν
565 1017 689 1105 ψαύσῃς
709 1018 753 1083 ἶσ’
775 1019 937 1086 ἀπόλωλεν
959 1021 1056 1107 ἀφρῷ.

283 1167 421 1247 φίλτατε,
444 1167 540 1247 τλητά
560 1169 642 1237 τέως·
674 1171 714 1236 σὺ
736 1174 769 1237 δὲ
791 1171 912 1255 πρᾶσσ’,
935 1174 1095 1257 εὖφραίνεο
1119 1180 1205 1262 θυμῷ·
1322 1236 1324 1241 .

325 1326 441 1403 φροῦδα
461 1325 499 1387 τὰ
520 1321 619 1388 πίσθ’·
649 1325 714 1389 οίόν
735 1325 766 1406 μ’
789 1327 872 1391 είλεν
893 1329 1027 1411 ἀμηχανί
1045 1349 1054 1365 ·

281 1476 386 1555 βώλου
409 1477 619 1561 ἀτεγκτότερος
640 1478 767 1563 γέγονας
790 1479 871 1563 κέαρ,
894 1481 928 1549 ὅς
949 1479 979 1562 μ’
1002 1484 1165 1564 ἐφίλησας·

323 1632 402 1694 τίπτ’
425 1634 615 1722 ἀπατηθείσῃ
637 1637 774 1701 λείπεται
786 1662 798 1713 ‚·
829 1638 887 1719 ἀρα
910 1639 977 1705 θεός
989 1665 1001 1714 ,·

1134 1759 1160 1794 Δ.
1179 1761 1200 1795 Β.

697 2492 752 2532 LXI

273 2594 300 2653 0
320 2594 461 2655 moribus
481 2594 622 2672 iucunde,
647 2596 734 2656 mitis
754 2597 886 2671 adfectu,

271 2695 402 2754 candore
422 2715 555 2772 puerum
576 2697 631 2773 qui
650 2696 754 2771 rosere,
778 2697 863 2757 viros
883 2698 996 2770 mente,

271 2793 326 2853 tuo
346 2793 452 2870 lepore
471 2796 647 2872 temperans
667 2795 781 2872 probae
800 2795 873 2870 irae,

271 2891 408 2952 saeclum
427 2893 535 2954 iuvare
554 2895 648 2954 naeus
667 2894 700 2953 et
720 2913 822 2954 secare
843 2893 946 2967 idem;

270 2987 302 3045 te
322 3007 388 3047 non
407 2991 526 3066 egesies
547 2989 710 3049 subditum
730 2989 806 3048 tulit
826 2988 974 3062 nummii„

269 3104 371 3161 neque
392 3086 581 3163 optimatum
600 3087 716 3147 blande
736 3107 810 3146 cura
831 3086 988 3162 corrupit3

269 3184 324 3243 sed
345 3183 401 3260 qui
419 3184 508 3244 suisti
528 3185 610 3245 fidus
630 3205 666 3244 ac
687 3184 754 3244 sine
776 3185 902 3260 offense

268 3282 378 3343 vivum
398 3282 554 3358 fovebant,
577 3286 740 3344 mortuum
761 3284 868 3343 dolent
888 3302 1006 3343 omnes·

267 3379 343 3441 haec
360 3381 430 3441 laus
448 3382 507 3441 tibi
524 3382 655 3459 ingens3
678 3403 744 3443 non
763 3383 847 3459 quod
867 3383 919 3442 hie
939 3385 1032 3441 tuum
1053 3402 1191 3443 marmor

268 3479 423 3557 contingit
443 3499 513 3541 osse
532 3480 719 3558 principum,
743 3480 822 3542 einis
843 3501 949 3558 reges3

268 3577 322 3637 sed
342 3578 494 3639 innocens
514 3579 597 3655 quod
618 3578 723 3639 omnis
742 3581 774 3639 et
793 3578 866 3656 pius
886 3579 975 3651 dicet,

268 3673 374 3735 dolore
394 3676 524 3754 pulsans
544 3678 659 3753 pectus,
684 3676 747 3738 Hic
767 3675 855 3753 iaces,
880 3676 948 3738 Gai.
