3050 4476
624 359 838 406 OXONIENSIS

682 601 780 642 LXXIV

233 707 334 781 Quam
351 706 482 782 pulchra
500 709 548 766 est
567 707 691 782 speeies,
709 726 804 784 quam
819 725 882 766 vox
901 707 950 766 esi
968 709 1058 782 grata
1074 706 1233 769 canentis!

273 807 365 881 rupta
386 805 472 881 eupit
492 805 604 881 rumpi,
630 806 705 865 dum
727 804 818 879 canit,
842 824 919 864 aura
939 824 1034 865 sono:

232 903 331 978 ipsius
352 903 474 963 afflatus
495 906 678 980 conceptum
698 903 831 963 ventilat
851 903 957 979 ignem

273 1001 372 1076 ipsius
392 1023 430 1061 ex
451 1001 549 1061 oeulis
570 1002 625 1078 qui
644 1002 739 1061 modo
760 1004 853 1060 natus
873 1005 948 1061 erat.

233 1099 287 1159 hei
306 1099 407 1160 mihii
435 1120 512 1176 quae
533 1100 661 1159 tandem
682 1100 763 1160 ratio
784 1100 963 1160 moderetur
983 1100 1084 1159 amori

154 1203 157 1207 '
274 1198 329 1274 qui
348 1201 488 1258 mentem
508 1198 638 1275 anoipiti
659 1219 714 1258 neo
735 1199 832 1258 semel
852 1200 919 1258 arie
939 1198 1043 1274 petit?

233 1296 277 1356 sio
298 1317 420 1373 quoque
441 1316 500 1356 nos
521 1297 589 1357 diro
610 1297 766 1356 succensis
786 1297 910 1373 fulgure
931 1296 1021 1356 teo'ois

273 1395 418 1471 protinus
438 1396 611 1455 humanam
632 1396 872 1472 deproperamus
893 1415 991 1471 opem,

233 1493 351 1553 seilicet
372 1496 408 1552 ut
428 1496 553 1553 nostrae
573 1493 734 1553 flammam
755 1493 947 1569 restinguere
967 1493 1058 1567 vires

274 1591 418 1668 quamvis
438 1592 481 1651 sit
501 1611 650 1667 superum
670 1591 800 1650 numine
820 1590 925 1665 missa,
950 1593 1085 1668 queant:

234 1692 289 1751 sed
310 1691 472 1768 querimur
492 1693 625 1766 tantum,
648 1693 763 1750 venius
784 1689 812 1749 si
832 1689 967 1749 eoncitat
988 1690 1111 1768 ignem:

276 1793 346 1849 ium
366 1790 448 1867 perii
467 1789 598 1866 ancipiti
616 1789 718 1850 vietus
740 1789 779 1848 ab
798 1789 888 1849 hoste
909 1788 1005 1851 labor.

1102 1901 1127 1934 A.
1140 1900 1165 1935 D.
1178 1901 1202 1934 (i.

691 2321 776 2365 LXXV

238 2417 284 2477 Ut
303 2419 406 2496 pelagi
426 2419 539 2479 fluetus
559 2418 700 2495 lapidosa
720 2419 760 2479 ad
780 2417 875 2478 litora
895 2419 1035 2492 currunt,

277 2516 316 2575 ad
336 2517 432 2575 finem
452 2520 621 2593 properant
640 2520 783 2593 tempora
804 2519 913 2576 nostra
933 2534 1035 2574 suum.

237 2613 351 2690 exeipit
370 2614 448 2674 hora
469 2615 571 2690 horas,
595 2615 714 2674 undam
733 2614 849 2691 premit
869 2614 953 2673 unda
973 2612 1117 2689 priorem,

276 2712 469 2772 contendunt
490 2732 599 2773 omnes
619 2713 769 2773 ulteriora
788 2711 884 2789 sequi

237 2813 330 2870 natus
343 2811 385 2870 ‘in
404 2811 576 2871 immensas
596 2812 643 2871 sol
664 2812 775 2889 ingens
795 2810 926 2870 luminis
948 2829 1018 2870 oras

277 2909 358 2985 repit
378 2909 445 2983 iter,
471 2910 567 2969 donee
588 2910 685 2969 robur
706 2909 832 2969 adultus
852 2908 955 2968 habet.

236 3006 336 3083 gloria
356 3010 425 3067 tum
445 3007 551 3084 pravis
571 3007 742 3068 defectibus
762 3008 817 3067 illa
837 3008 965 3081 laborat,

276 3108 309 3164 et
328 3108 453 3182 tompus
474 3106 593 3166 donum
613 3107 682 3166 volt
701 3106 819 3166 violare
839 3125 941 3166 suum.

237 3205 362 3280 tompus
382 3206 467 3264 amat
488 3224 594 3264 roseae
614 3205 726 3265 florem
746 3205 871 3265 foedare
892 3204 1044 3280 iuventae,

248 3329 251 3335 ¹
277 3322 371 3381 rugas
392 3302 426 3363 in
446 3302 538 3364 niveo
560 3323 687 3380 corpore
707 3305 832 3380 tempus
851 3304 928 3364 arat.

236 3404 361 3478 tompus
381 3403 446 3462 edii
466 3402 529 3462 rari
549 3402 700 3480 quidquid
721 3405 834 3462 natura
855 3402 980 3477 creavit,

276 3503 401 3577 statque
422 3501 504 3560 nihil
524 3502 607 3577 quod
627 3521 693 3561 non
713 3501 846 3578 denique
867 3500 945 3560 falce
965 3503 1072 3560 metat.

236 3598 291 3659 sed
311 3619 403 3659 versu
424 3598 484 3658 hoo
504 3601 559 3657 tue
580 3598 648 3658 laus
667 3602 839 3659 venturum
860 3599 957 3657 stabii
977 3598 1011 3657 in
1032 3617 1153 3673 aevum,

277 3696 312 3756 in
332 3698 363 3756 te
384 3696 528 3756 saevierit
549 3696 721 3774 quamlibet
741 3697 796 3756 illa
815 3716 937 3757 manus.

1107 3804 1133 3838 A.
1145 3802 1167 3836 'l'-
1180 3802 1204 3837 B.

318 3899 333 3943 9
