3050 4476
618 325 834 373 OXONIENSIS

694 525 762 565 nxn

223 615 338 700 Ὀρέων
361 616 415 683 οἵδ’
437 619 498 681 ἀπό
519 617 546 682 θ’
570 622 652 684 ὑλῶν
1109 643 1175 699 στρ.
1196 643 1225 681 α.

225 721 412 802 ὰφικάνομεν
434 721 599 800 θοάζοντες,
621 723 713 805 ὑγρὰς
736 724 775 787 ἶν’
798 724 876 804 ἀμφὶ
899 721 1010 801 νήσους

225 827 358 906 ποταμοῦ
380 823 484 906 λάβρα
507 823 708 907 καχλάζοντος
731 828 858 909 ἐσίγησε
880 827 995 889 κλύδων

311 932 369 994 ὑπὸ
393 929 533 1011 σύριγγος
556 932 637 1010 ἐμῆς·

225 1034 292 1097 τότε
315 1035 387 1120 σιγῇ
409 1034 543 1099 δονάκων
564 1037 619 1114 μὲν
641 1034 739 1098 πέσον
762 1034 859 1117 αὖραι,
882 1036 951 1099 τότε
973 1033 1073 1115 πλήρη

227 1136 292 1216 θύμ’
316 1138 444 1221 ἐσίγησε
465 1144 634 1218 μελισσῶν,
658 1138 676 1201 ὅ
697 1136 723 1202 τ’
745 1139 860 1203 ἄνωθεν
883 1137 963 1219 τάφε
984 1137 1091 1217 τέττιξ,

226 1242 349 1322 ταχινός
370 1267 406 1305 τε
428 1247 538 1321 σαῦρος
561 1242 646 1321 ἔστα,
668 1240 748 1323 τάφε
769 1242 794 1306 τ’
818 1245 898 1326 ὄρνις
922 1241 965 1306 ἐνὶ
987 1241 1115 1323 μύρτοις·

227 1345 323 1427 ἐπάγη
346 1346 380 1408 δὲ
402 1344 489 1409 πάνθ’
514 1346 595 1411 ὅπως
618 1347 638 1408 ἁ
661 1346 736 1409 κατὰ
757 1350 888 1426 Τμῶλον
910 1346 1005 1423 λίθος,
1029 1346 1129 1409 αὐλῶν

312 1450 369 1513 ύπδ
393 1451 529 1531 σειρῆνος
553 1450 640 1527 ἐμῶν.

226 1551 276 1634 ῥέε
297 1555 353 1634 μὲν
376 1557 494 1630 Πηνεδς
516 1553 615 1634 ὑγρός,

226 1656 320 1723 νάπος
341 1658 448 1721 ὕπτιον
471 1659 504 1719 δὲ
526 1656 671 1736 Τεμπέων
692 1656 751 1720 ὑπὸ
775 1657 895 1736 Πηλίου
918 1661 1053 1720 σκιαῖσιν
1116 1657 1179 1721 ἀντ.
1197 1682 1227 1717 α.

225 1760 298 1843 ῥέπε
319 1761 409 1845 μείζω
431 1760 498 1843 ῥέπ’
519 1763 549 1827 ἐς
569 1762 694 1842 ὄρφνην,
718 1761 798 1843 ίερόν
821 1760 846 1823 τ’
869 1760 976 1840 ἔφθινε
999 1767 1065 1840 φῶς

312 1865 370 1928 ὑπὸ
393 1865 536 1947 σύριγγος
557 1866 638 1943 ἐμῆς.

228 1968 368 2049 Σατύρων
391 1969 415 2031 δ’
440 1969 585 2049 ἔκδραμεν
608 1970 711 2050 ὄχλος,
734 1967 827 2050 δράμε
848 1971 995 2046 Σειληνὸς
1018 1969 1180 2049 ἆγρῶστης.

227 2071 288 2151 άμα
310 2070 389 2138 Ναίς
411 2098 445 2136 τε
467 2072 651 2153 προκύψασα
672 2080 776 2153 μυχῶν
799 2067 847 2134 καὶ
872 2070 970 2152 Δρυὰς
993 2072 1090 2153 ὑγρῶν

226 2176 377 2255 ποταμούς
400 2173 426 2239 τ’
448 2176 571 2240 ἔλειπον
594 2176 669 2243 ύλας
692 2200 735 2253 τε,
760 2174 843 2258 πόθῳ
867 2173 894 2256 γ’
918 2175 947 2237 οἱ
969 2175 1025 2255 μὲν
1047 2176 1181 2248 ἁλόντες,

226 2277 309 2342 -σδ
331 2280 364 2343 δὲ
387 2284 439 2344 νῶν
462 2278 565 2363 φθόνῳ
588 2278 628 2361 γ’,
649 2278 917 2342 Ἀπόλλων-ὑπό
943 2275 969 2341 τ’
991 2280 1095 2360 ἴυγγος
1118 2279 1228 2340 ἀοιδῶν

313 2383 489 2461 ἐσιώπησαν
512 2384 599 2463 ἐμῶν.

230 2485 322 2570 χορὸν
343 2487 462 2567 ἄστρων
484 2485 541 2568 γὰρ
565 2486 666 2550 ἄειδον
1112 2509 1179 2564 στρ.
1194 2490 1229 2562 β.

226 2590 322 2673 χθόνα
345 2589 371 2651 τ’
393 2588 429 2652 αὖ
452 2589 624 2669 δαιδαλέην,

227 2693 416 2774 ἐπίφαυσκόν
439 2719 471 2758 τε
494 2694 649 2778 Γιγάντων

227 2797 377 2876 πολέμους
400 2799 449 2861 καὶ
472 2803 547 2864 Διὸς
571 2798 670 2880 ἔδραν,
692 2797 831 2877 μερόπων
855 2795 882 2858 θ’

314 2899 375 2980 άμα
396 2900 515 2982 γένναν,
538 2902 587 2965 καὶ
610 2903 697 2967 ὅδους

315 3004 390 3087 ζῳῆς
412 3004 464 3083 ἠδὲ
486 3003 637 3071 τελευτάς.

227 3106 362 3185 μεταβὰς
384 3106 409 3170 δ’
433 3106 470 3169 αὖ

227 3208 288 3271 τότ’
312 3210 359 3272 ἐπ’
381 3209 480 3274 άλλον
502 3211 589 3291 οἶμον
610 3212 686 3293 ἁμῆς

228 3314 378 3395 σύριγγος,
399 3313 496 3381 πάθος
519 3315 592 3399 ᾆδον

313 3415 348 3480 τδ
371 3419 513 3496 παλαιόν,
537 3415 599 3481 κατ’
620 3413 712 3499 άκρον

315 3521 478 3584 Μαίναλον
499 3521 542 3584 οῖ’
565 3519 750 3604 ἐπλάγχθην.

228 3621 303 3700 μετὰ
325 3627 382 3706 γὰρ
405 3622 555 3707 παρθένον
578 3623 652 3708 ᾅξας

229 3725 328 3790 δόνακ’
352 3728 447 3810 ἔσχον
471 3729 616 3792 καθελών·

310 3853 324 3899 8
