3028 4468
607 358 822 407 OXONIENSIS

671 722 757 764 cnm

255 833 288 892 It
307 833 409 893 tristis
428 833 495 895 sine
516 855 591 896 voce
611 835 698 897 viam
717 838 845 914 totaque
866 835 1023 913 repulsam

254 958 359 1016 mente
379 961 494 1020 movet.
539 959 584 1018 sic
604 978 637 1019 se
658 959 788 1020 solitum
808 959 1001 1020 successibus
1021 959 1079 1034 uti,

255 1080 379 1142 vincere
400 1083 451 1143 cui
470 1103 605 1159 pronum
626 1103 755 1161 semper,
780 1083 843 1143 iam
863 1083 942 1143 ferre
962 1083 1083 1159 puellae

255 1205 356 1282 iurgia
376 1206 575 1284 derisumque
596 1208 628 1266 et
648 1206 746 1283 spreti
765 1207 883 1267 vulnus
904 1206 1045 1267 amoris?

256 1329 478 1390 unanimemne
499 1333 531 1390 et
551 1330 606 1407 qui
626 1333 699 1390 ante
721 1328 829 1391 omnes
850 1330 912 1390 sibi
931 1330 1014 1390 fidus
1034 1330 1171 1391 amicum

256 1452 391 1512 illusisse
412 1454 516 1529 fidem,
539 1456 667 1530 pactum
688 1457 886 1515 contemnere
908 1455 1043 1514 foedus?

258 1577 373 1652 grande
394 1579 487 1653 nefas,
512 1598 569 1637 nec
587 1578 653 1637 iam
673 1578 823 1638 mediocri
842 1578 904 1638 bile
925 1578 1099 1638 ferendum.

257 1701 301 1760 sic
321 1701 368 1760 ira
388 1704 553 1778 spumante
573 1702 711 1762 fremens
732 1702 817 1762 iecur
837 1702 902 1763 ibat
922 1702 956 1761 in
977 1702 1082 1761 armis.

257 1827 289 1884 ct
308 1844 431 1886 secum:
463 1826 549 1886 ‘mea
570 1826 661 1901 culpa
681 1825 809 1904 quidem
828 1829 884 1903 est,
908 1826 1070 1887 vaecordia
1090 1826 1217 1904 quando

258 1951 365 2009 nostra
385 1949 454 2009 fuit.
500 1950 575 2026 quid
594 1950 681 2010 enim
702 1928 793 2010 vetus
814 1954 846 2010 et
866 1971 931 2010 uon
952 1951 1053 2010 factus
1073 1950 1182 2023 amori,

257 2071 352 2149 inqua
372 2072 519 2147 paludato
541 2073 651 2132 doctus
672 2092 832 2133 canescere
853 2076 949 2149 coetu,

258 2196 431 2254 castrorum
451 2194 551 2255 vitam
571 2198 664 2273 atque
685 2216 794 2256 omnes
815 2199 961 2273 expertus
981 2196 1016 2255 in
1036 2215 1120 2271 usus,

258 2318 434 2395 virginibus
453 2319 570 2378 teneris
590 2339 641 2378 me
662 2319 785 2379 credere
806 2319 934 2379 tetricus
955 2321 1083 2380 ausim?

259 2462 370 2502 verum
391 2443 428 2501 ut
447 2443 514 2501 erat
533 2440 638 2501 somni
658 2441 726 2500 sine
747 2442 883 2517 pondere
905 2443 1010 2502 euntis
1030 2443 1143 2520 imago,

258 2566 302 2625 sic
323 2565 420 2639 abeat,
444 2565 489 2624 sic
509 2564 598 2624 cedat
618 2584 723 2625 amor:
745 2584 820 2625 nam
840 2566 987 2626 flosculus
1009 2565 1086 2625 olim

259 2689 315 2766 qui
335 2688 403 2763 fuit,
427 2688 479 2747 hic
500 2688 584 2748 idem
603 2692 652 2749 est
672 2689 790 2750 abiecta
811 2689 905 2749 vilior
925 2690 1027 2765 herba,

260 2832 353 2889 cogor
372 2815 462 2872 etex
481 2812 588 2872 animo
607 2812 736 2873 vulsum
757 2813 912 2873 radicibus
932 2813 1006 2872 imis

259 2937 405 3014 proicere.
442 2936 517 2996 hinc
538 2957 595 3014 ego
615 2936 681 2996 iam
701 2939 843 3014 superest
863 2937 946 3014 quod
965 2936 1072 2996 vivere
1093 2936 1188 2997 Marti

259 3081 310 3121 me
331 3062 452 3136 dedero,
476 3061 590 3138 pugnis
610 3060 745 3136 flagrans
765 3062 797 3120 et
817 3079 923 3120 amore
942 3059 1072 3136 pericli'

261 3184 305 3244 sic
324 3184 450 3244 tristem
469 3184 631 3244 fortunam
651 3183 766 3258 animo,
790 3183 834 3242 sic
855 3203 945 3260 saepe
966 3181 1124 3259 repulsam

260 3307 362 3368 volvit
382 3326 500 3382 amans,
524 3326 579 3367 seu
600 3306 668 3367 luce
688 3306 774 3367 viam
794 3308 888 3382 tenet,
912 3308 967 3366 aut
987 3305 1043 3367 ubi
1063 3308 1158 3367 noctu

261 3431 402 3492 membra
421 3430 590 3490 reclinatus
610 3430 700 3491 silvis
719 3430 847 3490 arbusta
867 3429 996 3489 notabat

262 3554 434 3631 suspiciens
454 3554 609 3633 longoque
630 3553 776 3615 abeuntia
795 3553 898 3613 sidera
919 3553 1011 3613 caelo.

1130 3670 1154 3704 B.
1167 3670 1189 3702 Ε.
