3028 4468
603 348 817 394 OXONIENSIS

672 623 745 664 cm

293 720 371 779 Atra
391 738 494 779 mersa
513 719 563 779 die
584 739 642 779 nec
661 720 726 779 iam
747 719 892 781 salientia
912 720 979 781 vita

332 816 424 877 corda
444 816 619 877 Sabrinaeis
639 818 769 878 tradidit
790 819 872 878 Ister
892 819 989 896 aquis

291 916 407 993 accepit
428 937 502 976 mox
523 920 625 993 terra3
646 918 724 978 iacet
745 937 840 994 prope
860 918 937 979 litus
958 939 1126 980 amoenum

333 1015 384 1074 cui
404 1036 461 1075 nec
482 1016 633 1075 inauditis
654 1016 805 1093 obstrepit
826 1018 912 1076 unda
931 1017 1028 1078 fretis.

292 1113 340 1172 bis
360 1115 503 1174 revoluta
523 1115 574 1174 die
595 1115 726 1176 Sabrina
745 1115 790 1175 ibi
811 1116 929 1193 colligit
950 1119 1061 1192 aestus,

332 1213 399 1289 ripa
419 1213 469 1273 bis
490 1215 613 1275 Oceano
633 1218 851 1291 praetereunte
872 1216 989 1290 madet,

291 1313 339 1370 bis
360 1313 486 1388 penitus
506 1312 664 1389 complent
684 1313 789 1374 infusa
809 1313 935 1374 silentia
955 1314 1050 1374 colles

330 1412 456 1486 garrula
476 1412 552 1471 dum
572 1412 673 1471 media
693 1412 817 1472 sistitur
836 1412 906 1471 Isca
926 1412 988 1473 via.

289 1508 357 1566 Isca
378 1507 458 1583 silet,
482 1511 572 1568 muto
593 1528 650 1568 nec
671 1509 734 1568 iam
755 1529 789 1569 se
808 1512 972 1585 promovet
992 1528 1095 1585 amne,

329 1627 390 1667 vox
411 1611 443 1667 et
462 1607 633 1669 inundanti
653 1610 758 1668 nostra
779 1610 883 1668 dolore
903 1611 992 1683 tacet,

290 1706 410 1766 effundi
431 1707 556 1783 quando
577 1706 714 1766 lacrimis
735 1706 917 1767 nolentibus
937 1727 1065 1767 omnem

332 1804 442 1865 obruta
462 1804 625 1864 tristitiam
646 1824 788 1882 promere
810 1805 900 1864 Musa
920 1808 1022 1881 negat.

290 1923 363 1963 mox
384 1903 561 1963 referuntur
580 1922 685 1979 aquae,
710 1907 780 1963 tum
800 1904 908 1979 pronis
928 1903 998 1963 Isca
1018 1904 1146 1963 fluentis

331 1998 482 2057 silvarum
503 1997 595 2057 solito
616 2016 778 2057 murmure
798 1997 932 2057 claustra
951 1998 1067 2075 replet:

289 2096 381 2156 altior
399 2095 473 2155 inde
494 2095 575 2154 mihi
594 2098 692 2156 cessat
713 2096 802 2157 dolor
821 2100 925 2156 aestus
946 2100 981 2157 ut
1001 2097 1096 2172 amni,

331 2199 405 2254 sunt
426 2214 548 2272 quoque
563 2195 618 2254 sed
640 2216 719 2272 quae
734 2195 788 2255 vix
803 2195 929 2255 reddere
945 2195 1040 2256 verba
1061 2216 1182 2273 queam.

1062 2324 1084 2359 Τ.
1099 2325 1127 2358 II.
1139 2325 1173 2359 W.

662 2485 749 2527 CLXII

288 2583 377 2642 Auro
397 2581 480 2658 picta
500 2580 615 2640 rubent
633 2581 792 2642 Autumni
812 2581 939 2641 nubila:
967 2579 1074 2658 fulget,

328 2682 356 2740 si
377 2681 448 2758 quis
468 2680 570 2739 adhuc
589 2680 689 2739 vitrea
708 2680 826 2740 labitur
845 2680 948 2739 amnis
968 2699 1055 2755 aqua

289 2779 344 2838 illa
364 2781 471 2838 tamen
492 2779 632 2838 condunt
653 2779 804 2838 nebuloso
824 2778 944 2838 lumine
965 2778 1072 2851 solem,

328 2877 444 2937 imbuit
463 2877 522 2936 hos
543 2876 669 2953 proprio
689 2876 804 2954 frigore
824 2877 924 2935 tristis
944 2876 1055 2936 hiems

288 2995 352 3035 non
372 2976 479 3035 avium
499 2975 583 3035 dulci
603 2978 751 3037 resonant
771 2975 982 3036 modulamine
1003 2975 1108 3046 silvae,

328 3093 392 3133 non
412 3074 523 3134 avibus
541 3074 675 3133 latebras
696 3073 809 3133 sufficit
828 3074 941 3133 umbra
961 3092 1052 3134 suas:

288 3172 418 3247 aspicias
437 3174 563 3232 tantum
583 3173 703 3231 frondis
723 3172 854 3231 volitare
875 3171 1013 3248 caducas,

328 3270 462 3331 audieris
482 3271 587 3330 flentis
606 3269 654 3329 nil
674 3270 736 3329 nisi
757 3270 855 3329 flabra
875 3269 959 3331 Noti.

288 3389 353 3428 non
373 3369 484 3428 umbra
505 3368 617 3429 aestivi
637 3368 784 3443 nemoris,
808 3367 862 3426 sed
884 3364 992 3428 nubila
1011 3368 1124 3428 vallem

325 3468 457 3544 desuper
470 3466 645 3540 hibernam,
669 3466 791 3525 tristior
811 3466 932 3541 umbra,
956 3471 1122 3543 premunt:

287 3566 450 3626 marcescit
468 3565 556 3626 velut
575 3565 709 3625 herboso
730 3565 788 3624 flos
808 3564 939 3641 quisque
960 3567 1111 3641 sepulcro,

328 3683 395 3724 rore
416 3685 510 3741 super
529 3664 630 3724 tristis
650 3663 858 3724 illacrimante
879 3682 978 3740 rogos.

1106 3775 1128 3809 Τ.
1142 3775 1164 3810 L.
1180 3776 1201 3809 P.
