3028 4468
607 350 823 398 OXONIENSIS

659 656 768 696 CLXXII

257 750 372 809 Noster
391 751 458 808 erat
479 751 578 808 terrae
599 768 756 825 nusquam
777 751 813 807 ut
834 747 934 824 magis
954 748 1033 808 alter
1053 749 1190 823 amicus;

297 848 402 907 iunxit
422 867 480 906 nos
501 847 605 907 valido
626 847 747 906 foedere
769 846 856 905 sidus
877 846 968 921 idem,

257 966 313 1006 nec
333 946 395 1005 fuit
414 945 551 1005 invidiae
572 945 662 1005 nobis
683 946 889 1022 quodeunque
909 964 964 1019 per
984 965 1096 1005 aevum

296 1044 419 1120 insigne
440 1046 489 1103 est
509 1044 571 1102 fida
592 1063 708 1102 nomen
730 1043 875 1102 amicitia.

257 1145 386 1202 noverat
406 1142 457 1201 hic
478 1142 563 1201 solus
583 1143 694 1201 fratres
714 1144 747 1201 et
768 1142 860 1201 corda
876 1161 1019 1201 sororum

298 1260 375 1316 quos
396 1241 467 1316 pius
488 1243 519 1299 et
540 1242 648 1298 nostro
669 1240 778 1298 mallet
798 1259 905 1298 amore
925 1259 1019 1316 puer;

256 1338 300 1397 sic
322 1359 443 1415 quoque
465 1339 631 1397 concordes
653 1338 760 1396 animo
781 1338 964 1397 duravimus
984 1357 1048 1396 uno

295 1436 417 1512 istaque
438 1437 530 1496 turba
550 1437 619 1512 ipso
640 1456 691 1494 me
712 1435 794 1494 mihi
813 1436 912 1512 pluris
933 1438 1007 1496 erat.

256 1555 312 1594 vos
332 1536 450 1595 aeterni
470 1536 560 1612 ignes
581 1538 612 1595 et
634 1535 756 1594 conscia
777 1535 898 1593 lumina
918 1538 1024 1609 testor,

296 1655 358 1694 nox
378 1635 541 1694 indefessis
563 1634 685 1710 saepius
706 1636 775 1693 acta
795 1633 864 1706 fuit,

255 1735 291 1791 ut
311 1734 422 1793 fratres
443 1733 592 1806 Helenae,
616 1732 734 1790 laudati
753 1731 912 1806 exemplar
932 1732 1056 1804 amoris,

295 1833 402 1892 mirati
422 1831 567 1891 steterint
586 1831 846 1906 immemoresque
867 1829 944 1889 viae.

255 1933 396 2006 tempora
417 1950 474 1989 nec
495 1929 587 2006 nugis
607 1928 762 1988 Venerive
783 1947 907 1987 merore
929 1928 1099 2002 vacabant;

296 2029 460 2089 Socraticis
482 2027 594 2086 studiis
616 2046 678 2086 nox
700 2046 827 2102 operosa
848 2025 917 2085 fuit.

255 2147 345 2186 musa
366 2128 446 2187 sales
467 2127 604 2200 aderant,
628 2126 719 2185 vivae
740 2128 771 2184 et
793 2124 938 2184 facundia
958 2125 1102 2201 linguae;

296 2246 400 2284 nonne
422 2225 498 2284 artis
520 2225 652 2284 colerem
673 2223 773 2282 dulcis
793 2222 891 2282 amice
913 2224 1008 2281 tuas?

1108 2335 1131 2368 F.
1145 2334 1180 2367 DE
1192 2335 1218 2368 P.

654 2612 777 2653 onxxm

257 2713 325 2786 Qua
345 2711 446 2771 stellis
467 2711 574 2770 lucens
595 2709 657 2768 late
679 2711 766 2785 patet
787 2708 903 2782 aethra,
927 2706 1087 2782 sepultum

296 2809 410 2886 ponite,
436 2808 487 2868 cui
507 2808 626 2885 placuit
646 2807 713 2867 vita
734 2809 893 2882 placetque
914 2804 1014 2864 mori:

259 2908 363 2968 ‘venit
384 2928 446 2984 quo
466 2907 590 2982 voluit,’
612 2926 687 2965 saxo
709 2906 785 2964 haec
807 2904 981 2979 insculpite,
1008 2904 1112 2963 ‘venit

297 3007 334 3067 de
354 3006 427 3066 nive
447 3007 586 3078 venator,
610 3006 689 3080 post.
700 3004 781 3062 freta
801 3004 897 3061 nauta
918 3002 1071 3064 domum.'

256 3164 347 3224 Idem
368 3164 484 3223 Graece
496 3184 545 3221 :-

258 3277 446 3360 Ἀοτροφαεῖ
466 3279 568 3353 κοίτην
589 3301 639 3352 μοι
661 3272 711 3339 ὑπ’
733 3273 828 3354 αἰθέρι
850 3271 975 3351 ηὔξαθ’,
999 3277 1121 3355 ἑταῖροι,

302 3380 335 3448 dr
356 3383 471 3466 χοίρων
492 3379 518 3443 τ’
541 3379 616 3457 ἔζων
640 3379 709 3442 κούκ
733 3378 829 3443 ἀέκων
853 3377 971 3441 ἔθανον·

258 3483 397 3567 γράψατε
419 3483 444 3548 δ’
466 3485 498 3547 ἓν
519 3483 623 3568 τύμβῳ
646 3481 707 3546 τόδ’
729 3482 810 3548 ἔπος·
840 3482 967 3561 ςναύτης
989 3480 1089 3561 λιμέν’
1110 3483 1202 3561 εὑρὼν

303 3592 410 3667 κεῖμαι·
441 3586 584 3669 θηρευτὴς
607 3585 642 3665 ἐξ
663 3588 748 3667 ὄρεος
771 3583 921 3664 κατέβην)

1103 3700 1136 3735 W.
1148 3701 1174 3736 R.
1186 3702 1213 3738 Η.
