3050 4476
624 365 839 414 OXONIENSIS

710 666 742 707 121

268 763 330 822 Illa
349 762 455 840 gravis
475 762 572 822 traxit
590 782 656 822 nox
675 764 708 821 et
729 762 841 822 devota
861 761 979 822 furenti

306 864 409 922 morte
429 861 603 921 sacerdotes
623 860 848 937 fatidicumque
869 879 975 937 genus,

267 978 332 1019 non
352 960 417 1020 iam
437 980 493 1036 per
512 959 615 1034 silvas,
639 980 704 1020 non
724 959 788 1019 iam
808 958 963 1019 viridante
984 959 1043 1018 sub
1063 960 1176 1020 umbra

307 1056 456 1118 viderunt
476 1057 599 1117 reducis
619 1057 750 1117 candida
770 1057 912 1118 membra
932 1057 1014 1117 deae.

265 1154 353 1214 venit
373 1154 518 1233 inersque
539 1155 605 1215 dies
625 1158 696 1216 tum
715 1155 856 1232 primum
876 1158 909 1215 et
930 1155 1054 1216 decolor
1074 1159 1166 1229 aetas,

307 1252 421 1330 oppida
441 1253 618 1330 conripiens
638 1273 773 1331 ruraque
793 1256 863 1314 tuta
882 1253 952 1314 viis.

265 1350 331 1411 vita
351 1351 501 1430 vigorque
521 1352 611 1429 perit,
635 1371 835 1429 gemmasque
855 1372 894 1412 ex
913 1372 986 1412 vere
1007 1353 1140 1413 recentis
1185 1410 1190 1417 .

306 1470 415 1527 aspera
435 1452 605 1527 tempestas
624 1453 747 1510 usserat
766 1453 839 1511 ante
861 1450 953 1513 diem.

262 1548 373 1609 aestivi
394 1569 466 1609 cum
486 1553 573 1625 peste
593 1548 682 1609 sitim
702 1569 777 1609 mox
797 1568 942 1627 spargere
964 1549 1053 1625 soles,

304 1649 391 1707 cocta
410 1667 509 1725 neque
530 1647 677 1708 autumni
696 1667 753 1707 neo
774 1647 836 1707 fuit
856 1648 962 1725 ampla
981 1667 1091 1724 penus.

264 1745 377 1806 clausit
396 1749 429 1806 et
449 1747 595 1806 hibernae
616 1746 700 1806 nivis
720 1745 919 1806 inclementia
938 1747 1068 1824 egentis,

304 1864 425 1922 uvaque
445 1844 608 1920 sordidior,
632 1864 705 1904 cum
726 1844 887 1921 legeretur,
909 1848 985 1906 erat.

264 1961 397 2019 cumque
419 1942 530 2002 ovibus
550 1944 699 2018 conrepta
718 1941 787 2001 lues
807 1943 949 2001 armenta
970 1942 1121 2016 trahebat,

304 2040 387 2116 pisce
407 2043 491 2100 caret
511 2060 580 2101 sero
601 2040 714 2100 cumba
733 2040 861 2099 reducta
881 2040 1020 2102 domum.

264 2159 402 2216 quaeque
422 2139 530 2199 valens
550 2139 652 2199 fuerat
673 2158 730 2198 nec
750 2140 847 2215 ponto
869 2139 1002 2199 obnoxia
1022 2142 1144 2217 puppis,

304 2258 433 2315 spumea
452 2238 607 2315 navifragi
627 2238 691 2298 iam
712 2238 828 2314 premit
849 2238 896 2297 ira
915 2238 984 2298 sali.

262 2356 378 2414 perque
398 2338 601 2397 tabernarum
620 2337 688 2397 loca
708 2336 822 2396 merois
842 2336 949 2396 inania
969 2356 1067 2414 caupo

303 2435 440 2511 pallidus
459 2439 492 2495 et
513 2436 596 2495 curis
617 2435 730 2495 anxius
751 2435 817 2495 ibat
837 2435 916 2495 iter:

261 2534 408 2594 horrebat
428 2534 566 2594 tenebris
586 2554 639 2594 aer
659 2533 796 2610 caelique
817 2534 908 2593 ruina

302 2633 489 2710 venturique
509 2632 606 2692 silens
626 2632 747 2710 ingruit
767 2634 879 2694 umbra
900 2632 983 2693 mali.

1129 2744 1153 2778 R.
1167 2744 1190 2777 E.

697 3186 743 3227 LII

262 3279 309 3339 Ne
331 3281 373 3340 sit
393 3299 498 3341 amare
518 3280 603 3342 viros
624 3301 724 3359 curae,
748 3282 914 3359 studioque
935 3282 1044 3356 teneri,

302 3381 455 3456 quotquot
475 3380 592 3440 habent
613 3381 720 3456 culpas
741 3380 775 3439 ni
795 3380 928 3440 tolerare
949 3381 1043 3441 sedet.

261 3480 310 3537 est
331 3477 386 3537 ubi
405 3498 548 3538 morosos
568 3478 649 3538 livor
670 3478 753 3555 capit
773 3478 900 3538 invidus
919 3479 993 3538 illos

302 3595 402 3653 quum
423 3576 470 3635 nil
491 3576 574 3654 qnod
595 3577 723 3652 proprio
743 3577 810 3636 iure
831 3580 1003 3654 querantur
1023 3577 1149 3637 habent.

262 3675 310 3734 est
330 3674 384 3733 ubi
406 3674 568 3734 demisisse
589 3677 683 3750 caput
702 3675 799 3750 iuvat,
823 3675 930 3752 iraque
950 3676 1045 3736 verba

301 3792 381 3850 quae
402 3772 515 3833 dixisse
535 3772 633 3849 pudet
653 3774 818 3850 postmodo
839 3793 931 3834 saeva
951 3773 1033 3833 iacit
