3018 4478
595 351 810 400 OXONIENSIS

694 858 709 901 1

243 964 356 1048 Ἔρχεό
377 991 429 1045 μοι
452 969 608 1048 τρίλλιστε
632 967 694 1031 κατ’
719 967 821 1049 ὤρεος,
843 970 939 1054 ἔρχεο,
962 970 1050 1051 κόρα·

247 1075 335 1134 ποῖον
359 1070 402 1153 ἄρ’
426 1072 521 1152 θφεος
544 1073 614 1138 ἀδος
628 1073 702 1146 ,·-δ
723 1073 864 1150 βωκόλος
888 1076 945 1137 ὧδε
966 1073 1164 1153 μέλιοδεν·-

246 1176 342 1253 ύφεος
364 1172 382 1253 ῆ
404 1173 532 1258 πάχνας,
554 1177 605 1239 ταί
625 1174 650 1238 τ’
675 1175 767 1258 ὥρεσι
791 1176 902 1255 κόσμος
925 1177 1071 1252 έπονται;

247 1281 325 1360 λῆγε
347 1278 463 1361 δρόμων
485 1286 545 1344 τῶν
567 1281 624 1362 ύφι
647 1279 717 1362 παρ’
740 1279 843 1360 αἰθέρι,
865 1284 943 1363 λῆγε
966 1281 999 1343 δὲ
1021 1280 1144 1345 πεύκαις

248 1381 411 1462 στίλβουσ’
434 1387 468 1448 ἐν
490 1389 667 1449 σκελεταῖσι
690 1383 760 1451 νέον
781 1385 869 1467 φάος·
901 1384 970 1449 ούδέ
990 1410 1020 1450 τι
1043 1386 1080 1447 οὲ
1102 1383 1160 1466 χρῆ

247 1484 302 1563 δῆν
325 1487 401 1550 οὕτω
424 1488 582 1568 νιφόεντος
605 1489 746 1570 ε’φιζέμεν
768 1488 869 1572 ἀστέρ’
893 1488 939 1552 ἐπ’
961 1486 1051 1570 ἀκρω.

221 1643 225 1648 .
249 1589 331 1653 ἀλλὰ
353 1590 416 1654 κατ’
440 1591 531 1673 ὥρεος
553 1590 753 1675 ὦκα-μέγας
775 1592 844 1659 θεδς
866 1595 899 1659 έν
921 1592 1081 1656 πεδίοισιν·

249 1692 283 1756 ἔν
304 1718 349 1758 τοι
367 1691 466 1777 Ἔρως
488 1696 820 1781 πεδίοισι-κατέρχεο,
843 1697 922 1775 δίζεο
945 1694 970 1761 δ’
992 1696 1082 1759 αὐτὸν

248 1794 286 1875 ἠέ
306 1823 365 1862 που
387 1800 525 1880 ἀφνειοῖο
547 1799 719 1880 ποθῆμενον
741 1801 845 1882 ἀνέρος
868 1796 954 1885 ούδῷ,

248 1900 284 1978 ἠὲ
304 1902 368 1980 μετ’
392 1903 527 1983 εύκάρπω
551 1905 728 1986 Δαμάτερος
751 1906 784 1970 έν
806 1909 966 1987 κριθοῖσιν,

250 2005 310 2069 είτε
332 2005 388 2092 νέῳ
411 2005 479 2090 περὶ
501 2014 594 2075 λανδς
617 2009 769 2085 ἐρεύθεται
791 2010 873 2073 οίνου
896 2008 992 2092 ἀκάτῳ,

250 2107 305 2172 εἶθ’
327 2112 447 2177 διπαλάς
470 2113 488 2175 ὅ
509 2138 545 2194 γε
567 2114 659 2200 φοιτῆ
682 2111 726 2177 ἀν’
750 2111 894 2190 ἄμπελος,
916 2113 983 2176 οἶον
1005 2108 1140 2188 ἀλώπηξ.

249 2212 284 2274 ού
307 2238 335 2276 τι
357 2214 414 2296 γὰρ
438 2213 585 2298 ἀργάεντα
609 2214 739 2296 καρήατα
761 2213 906 2293 πλάζεται
928 2217 1039 2280 Αἴτνας

248 2318 346 2394 τῆνος,
369 2319 430 2382 ὅπα
452 2317 592 2384 Θύνατύς
615 2344 652 2402 γε
673 2320 760 2401 φέρει
783 2318 862 2382 πόδα
883 2317 990 2383 πότνιά
1012 2317 1038 2380 τ’
1060 2316 1146 2380 Ἀώς·

249 2420 318 2484 ούτε
340 2447 386 2486 νιν
408 2421 446 2486 ἀν
469 2421 638 2504 νιφόεσσος
663 2420 823 2505 ἀγρευόμεν
846 2423 911 2487 ἐστὶ
933 2421 1092 2504 φάραγγας

250 2523 311 2588 οὔτ’
332 2526 390 2608 ἄρα
413 2525 591 2612 κρυστάλλῳ
614 2527 827 2605 κατακείμενον
850 2529 894 2591 εἰν
916 2525 1075 2610 ἀπελέθρφ

251 2627 270 2712 ᾇ
293 2630 457 2711 στυφέλοις
479 2631 683 2711 προπέτεσσιν
706 2631 884 2715 ἓπειγομένα
906 2630 1112 2694 σπιλάδεσσιν
1183 2622 1187 2630 ’

251 2736 305 2796 κδδ
328 2733 493 2816 δνοφεροὺς
514 2740 670 2801 πυλεῶνος
692 2734 860 2818 ἀγάστονος
883 2733 955 2814 ῆνθε
976 2731 1120 2816 χαράδρα.

251 2836 334 2900 ἀλλὰ
354 2837 389 2902 τύ
411 2864 468 2921 περ
490 2838 621 2903 πεδίονδ’
644 2838 832 2922 έποχευμένο
854 2837 922 2901 ένθέ
943 2833 1108 2920 χαράδραις

251 2941 299 3004 καὶ
323 2941 402 3020 ζάτει
424 2947 477 3006 τδν
495 2938 624 3024 Ἔρωτα·
653 2948 688 3005 τδ
710 2937 737 3005 δ’
757 2940 862 3023 ἀγριον
885 2939 1103 3021 ἀγκυλόχειλες

251 3045 341 3107 αἰετῶ
364 3046 397 3108 ἐν
420 3047 620 3110 σκοπέλοισιν
644 3046 678 3109 ἔα
700 3043 789 3128 γένος
812 3043 876 3107 οἶον
900 3045 1008 3126 ἰαχεῖν.

251 3148 418 3230 χαιρόντων
440 3147 466 3211 δ’
488 3150 573 3232 ὄρεος
594 3148 707 3232 πτύχες
729 3147 865 3211 ἄσπετοι·
897 3145 1003 3230 ἐρρέτω
1027 3146 1119 3222 ἀτμοῦ

250 3253 340 3331 μυρία
360 3249 513 3318 δινάεντος
535 3251 596 3316 ἀνω
619 3251 731 3333 στέφέ,
753 3251 838 3333 ἀέρος
861 3251 950 3332 άχνα,

251 3354 399 3435 τακόμεν’,
422 3356 461 3422 ὧς
485 3357 570 3438 σοφά
594 3382 650 3438 περ
673 3354 868 3419 κατατάκεται
891 3355 975 3436 ὅρκια
997 3357 1121 3418 θνατῶν.

252 3459 335 3523 ἀλλὰ
357 3458 391 3523 τὺ
412 3457 514 3539 μηκέτ’
534 3463 605 3525 ἴσον
628 3458 802 3523 κατατάκεο·
831 3459 880 3522 καὶ
903 3456 960 3539 γὰρ
983 3455 1064 3520 ἀπαν
1087 3481 1132 3518 τοι

253 3564 287 3625 ἐκ
310 3564 412 3626 πεδίον
434 3563 459 3626 τ’
482 3562 635 3646 ἐγέλασσε
658 3559 706 3626 καὶ
729 3563 811 3644 ἀμφί
830 3587 877 3624 τοι
896 3560 989 3642 ὤρορε
1011 3561 1123 3623 καπνοῦ

254 3663 353 3730 κνάνέ
377 3667 408 3729 ἐκ
430 3666 589 3744 μελάθρων
611 3668 808 3750 στηρίγματα·
836 3663 925 3729 τέκνα
948 3690 981 3728 τε
1002 3667 1109 3746 φωνεῖ,

254 3770 305 3833 καί
328 3794 375 3833 τοι
398 3770 477 3853 ἐγὼν
499 3770 631 3852 σνρίσδω
654 3770 670 3832 ὁ
694 3769 845 3850 βύκολος·
876 3768 949 3833 ἂδέα
971 3767 997 3830 τ’
1020 3768 1093 3849 ἀχεῖ

293 3870 323 3930 1ss
