3018 4478
595 360 813 410 OXONIENSIS

668 805 739 847 XVII

245 911 296 972 Sia
316 910 513 986 intempesta,
538 929 633 987 quam
653 910 748 988 longa
768 912 824 985 est,
848 912 939 970 noote
959 928 1015 985 per
1034 907 1121 968 auris

245 1010 335 1069 litore
356 1009 510 1069 harenoso
533 1008 668 1068 mittunt
688 1027 763 1068 aava
784 1026 949 1068 murmura
969 1007 1085 1068 fluetus
1096 1028 1104 1082 3

244 1107 363 1170 interea
382 1106 473 1167 miris
492 1105 684 1167 elamoribus
705 1108 796 1166 antra
816 1106 971 1166 resultant

245 1204 358 1281 abdita,
382 1224 439 1264 neo
459 1204 561 1282 mergi
581 1205 700 1265 oiroum
720 1205 944 1265 increbrescere
965 1206 1095 1281 questus

246 1304 404 1378 cessabat3
431 1303 529 1363 semel
548 1305 581 1363 et
601 1303 685 1363 risus
706 1302 814 1364 audire
834 1302 964 1364 videbar

247 1402 412 1480 Nymphae
433 1401 623 1462 inludentis:
651 1403 721 1461 tum
743 1401 836 1462 dorsa
856 1401 987 1461 latentia
1009 1401 1093 1461 saxis

246 1501 331 1560 unda
351 1500 424 1561 ferit
445 1500 539 1561 solito
558 1499 734 1574 violentior,
757 1502 791 1559 et
811 1500 873 1560 oita
893 1502 977 1561 retro

247 1603 283 1659 ut
303 1601 447 1659 monstro
467 1598 613 1660 veniente
634 1598 802 1669 relabitur:
830 1599 884 1659 ille
904 1619 960 1675 per
980 1599 1082 1659 undas

247 1697 332 1758 haud
353 1697 460 1757 aderat
480 1699 595 1772 tamen,
619 1700 651 1757 et
672 1697 756 1758 caelo
777 1697 841 1757 iam
862 1699 1015 1758 exhausta
1036 1696 1152 1774 refugit

246 1796 330 1872 luna,
354 1796 409 1856 sod
429 1795 464 1855 in
485 1795 621 1872 seopulis
642 1795 726 1855 idem
746 1794 811 1856 iam
831 1795 965 1873 plangor
984 1799 1017 1856 et
1036 1795 1121 1856 idem

248 1898 374 1956 cantus:
402 1915 453 1955 me
475 1914 578 1971 rupes
602 1913 698 1971 quam
718 1894 767 1955 vis
788 1895 863 1954 terit
883 1895 1021 1972 undique
1042 1893 1140 1971 ponti,

248 1994 315 2054 sola
334 1996 420 2053 tenet
440 1992 652 2070 monstrisque
673 1992 836 2053 horrentia
855 2012 1016 2054 marmora
1036 1993 1175 2071 cingunt

248 2095 317 2152 tum
338 2093 467 2152 demum
487 2094 560 2151 ants
580 2110 681 2152 novos
702 2094 798 2166 ortus,
822 2111 896 2151 oum
917 2091 1043 2152 densior
1064 2092 1188 2167 umbra,

249 2210 335 2251 mors
351 2190 407 2250 ubi
423 2192 570 2267 prompta
586 2189 695 2266 aegris,
715 2209 788 2249 aum
804 2190 859 2251 vix
877 2190 960 2250 mihi
977 2190 1058 2250 fessa
1074 2192 1210 2250 retentat

249 2289 370 2349 lumina
384 2288 462 2366 ‘quin
483 2308 595 2349 somno
616 2287 726 2348 oedant
747 2287 852 2362 timor,
875 2308 983 2366 aspera
1002 2307 1077 2348 saxo

250 2387 403 2447 scinditur
423 2388 515 2463 unda,
539 2385 697 2464 marisque
718 2386 753 2445 in
773 2389 884 2464 stagna
904 2390 1045 2447 extrema
1064 2388 1170 2448 vorari

251 2489 318 2546 tota
336 2485 503 2547 videbatur
522 2484 625 2560 facies,
648 2487 681 2544 et
701 2483 827 2545 condita
847 2485 967 2546 airoum

251 2605 324 2645 saxa
344 2585 542 2661 apparebant,
565 2584 698 2660 visuque
718 2583 863 2660 immane,
887 2583 1053 2644 trementis

251 2682 450 2743 anteoculos
470 2681 575 2741 subito
596 2700 724 2758 serpeus
745 2682 896 2742 obscenus
916 2683 955 2742 ab
976 2681 1071 2741 undis

251 2781 410 2842 horrentis
431 2800 576 2858 squamas
596 2784 690 2858 atque
712 2800 766 2840 ora
786 2780 921 2840 minacia
940 2780 1034 2841 tollit.

251 2880 396 2957 turpibus
416 2881 448 2939 et
469 2879 564 2956 spiris
584 2881 651 2939 tam
670 2880 760 2939 vasta
780 2878 944 2939 volumina
963 2881 1090 2957 torquet

252 2982 287 3039 ut
308 2997 378 3038 mea
397 2978 452 3038 vix
473 2997 582 3037 omnes
602 2976 725 3054 possint
745 2975 868 3053 explere
889 2977 1007 3038 tuendo

252 3076 373 3137 lumina
393 3079 545 3136 terrores:
572 3075 658 3136 visae
679 3094 808 3135 manare
830 3095 974 3135 eruorem

252 3177 423 3235 immensae
444 3174 579 3235 monstri
599 3174 713 3247 fauces,
736 3174 879 3252 oculique
900 3175 1040 3235 furentes

253 3274 402 3352 sanguine
423 3293 478 3335 eeu
499 3273 590 3334 calidi
611 3292 763 3352 saevaque
784 3273 914 3334 libidine
933 3274 1014 3351 flagr
1055 3274 1077 3333 t.

1101 3383 1133 3419 W.
1145 3382 1175 3419 Ἡ.
