3050 4476
608 360 824 409 OXONIENSIS

656 627 779 668 mmv

306 718 417 782 Σκόπει
441 719 474 781 δὲ
497 719 546 782 καὶ
568 717 639 792 τόδ’,
664 717 767 801 ἀγάθ’·
798 720 831 782 ἑκ
854 719 969 800 θρόνων
990 721 1043 797 ἐμὲ

304 826 404 887 δεινδν
426 820 479 902 μέν
501 824 587 887 ἔστιν
610 826 749 888 ἐκπεσεῖν
772 823 915 898 ἀναίτιον,

303 931 338 988 τδ
362 923 388 989 δ’
410 927 579 990 ἐκπεσόντα
601 929 773 1008 Μορτιμῆρι
796 926 851 1005 τὴν
874 926 949 1006 ἐμὴν

303 1029 400 1113 ἀρχὴν
422 1034 567 1116 προεῖναι,
589 1029 679 1092 τοῦτό
700 1028 727 1111 γ’
752 1030 887 1112 ἀγχόνης
909 1031 1013 1096 πέλας.

305 1133 437 1197 τοιοῖσδέ
459 1159 507 1197 τοι
530 1139 583 1199 νῦν
605 1135 638 1198 έν
661 1137 762 1199 κακοῖς
784 1134 940 1215 ἀμηχανῶ·

304 1236 342 1301 τὰ
364 1234 389 1300 δ’
412 1238 444 1300 έκ
468 1241 545 1304 θεῶν
567 1237 717 1319 ταχθέντα
739 1241 786 1301 δεῖ
808 1237 947 1318 στέργειν
969 1237 1059 1316 ὅμως.

304 1340 344 1404 ἴθ’
367 1340 420 1404 οὖν
443 1340 544 1422 φέρων
565 1342 620 1417 μὲν
642 1341 800 1422 βασιλέως
821 1345 955 1423 χρυσοῦν
976 1341 1076 1423 γέρας,

307 1443 407 1524 φέρων
430 1445 464 1507 δὲ
485 1445 594 1525 βίοτον
616 1448 702 1507 τοῦδε
725 1444 975 1523 συυθανουμένου.

308 1545 378 1610 ἀλλ’
401 1548 436 1612 οὗ
458 1549 515 1630 γὰρ
538 1548 623 1614 ἔστιν
647 1551 680 1613 έν
702 1549 793 1612 πόλει
814 1549 869 1632 μιᾷ
891 1552 972 1612 δυοῖν

306 1651 419 1734 ἄρχειν,
441 1650 557 1733 κλύοιμ’
581 1651 619 1716 ἀν
639 1650 744 1735 μέχρις
766 1651 914 1733 εὐφρόνης
935 1649 1014 1730 ἀναξ

308 1755 348 1820 ἀς
370 1756 577 1838 καλλιφεγγὲς
600 1756 703 1820 εἰσίδω
727 1754 860 1835 στέφους
882 1757 986 1821 σέλας.

308 1859 382 1923 οὕτω
405 1858 462 1942 γάρ
485 1861 694 1941 ὀφθαλμοῖσιν
715 1857 848 1937 ὑστάτην
870 1860 960 1941 χάριν

307 1961 391 2044 ἔχειν
412 1962 571 2044 παρέσται,
594 1960 643 2026 καὶ
666 1960 742 2048 κάρᾳ
763 1962 798 2026 τὸ
820 1962 971 2039 λοίσθιον,

307 2066 389 2129 ὅσων
411 2066 557 2146 προσήκει
580 2065 717 2152 κοιράνιρ,
739 2064 830 2147 γέρας
852 2072 971 2145 λαβεῖν,

307 2170 422 2250 ἀμφοῖν
444 2170 468 2235 δ’
493 2168 542 2250 ἀμ’
564 2172 667 2235 αὐτοῖν
689 2171 820 2234 εἰκαθεῖν
842 2176 902 2234 τῶν
926 2167 1091 2250 φιλτάτων.

307 2270 330 2335 ἀι
353 2274 456 2354 λάμπε
479 2275 596 2354 Φοίβου
618 2280 682 2339 δῖον
704 2276 826 2341 αίανοῢς
850 2273 953 2351 σέλας,

307 2382 413 2443 νυκτὸς
434 2381 578 2465 σκοτεινῷ
598 2376 707 2460 μήποτ’
731 2378 857 2460 ἑκχόρει
881 2377 975 2463 ζόφῳ·

308 2480 440 2564 φροόρας
462 2507 496 2545 τε
518 2481 665 2546 κνκλάδας
688 2483 780 2558 τῆσδε
802 2483 857 2563 γῆς
880 2478 1039 2545 ἀπεννέπω

308 2586 385 2666 ὥρας
407 2611 440 2650 τε
463 2584 564 2652 πάσας
584 2583 685 2666 μηκέτ’
708 2584 859 2668 έκτρέχειν
881 2586 1018 2665 δρόμους,

309 2687 348 2755 ὧς
370 2687 408 2754 ἀν
431 2695 569 2767 καλῶμοι
591 2693 685 2767 τῆσδε
707 2690 761 2770 γῆς
784 2687 863 2768 άναξ
883 2688 936 2753 ἔτι.

310 2794 397 2872 οἴμοι,
420 2794 451 2856 τί
471 2797 564 2856 ταῦτα
586 2793 666 2874 φημί
677 2817 688 2866 ,·
720 2800 783 2858 πῶς
805 2794 862 2874 γδρ
885 2791 919 2854 οὐ
941 2791 1018 2874 τάχα

310 2901 343 2958 τδ
366 2896 561 2961 λευκόπωλον
583 2897 661 2978 ἦμαρ
684 2894 882 2978 ἑξαφίσταται
894 2920 906 2970 ,·

310 3004 373 3065 πῶς
395 2998 420 3063 δ’
443 2999 495 3064 οὐκ
518 2999 630 3083 ἀνάγκη
654 3000 747 3064 τῶνδέ
768 2997 797 3075 μ’
821 3000 965 3075 ἐκστῆναι
989 2996 1124 3077 θρόνους

310 3099 333 3165 ἀι
357 3107 447 3187 θηρδς
470 3102 549 3183 ὠμοῦ
573 3100 723 3183 θρέμματ’,
747 3100 799 3164 οὐκ
823 3103 939 3182 ἀνδρῶν
962 3100 1028 3182 άρα,

310 3207 452 3286 σκόμνοις
474 3206 597 3284 λεαίνης
618 3206 784 3285 σύντροφοι
807 3203 1001 3287 θηλαστρίας,

310 3312 342 3374 τί
362 3307 425 3387 δῆτ’
447 3309 572 3375 ἄνακτος
595 3308 766 3387 ἀνατροπὴν
787 3308 921 3371 ἀναιτίου

312 3416 509 3493 καραδοκεῖτε,
532 3413 668 3492 σκῆπτρά
690 3409 717 3473 τ’
739 3407 982 3489 ἀποθανουμένου
994 3433 1006 3483 ‚·

311 3513 360 3579 καὶ
381 3516 442 3597 μην
464 3513 579 3595 στέφος
601 3511 664 3578 τόδ’
686 3514 770 3581 αὖθις
792 3512 930 3593 ένστήσω
953 3512 1036 3599 κάρη.

1085 3630 1105 3665 ι.
1118 3629 1144 3663 ι.
1156 3627 1191 3665 w.
