3050 4476
622 383 838 432 OXONIENSIS

678 561 782 605 xcvm

230 668 300 727 Nox
320 671 403 729 erat:
432 669 576 747 obliquus
598 674 778 732 convertere
798 671 938 748 plaustra
958 672 1073 733 Bootes

271 815 419 890 coeperat,
443 814 610 891 impellens
630 816 752 876 Arcton
772 818 938 893 utramque
959 836 1074 892 manu;

230 961 370 1035 tempore
391 979 452 1036 quo
472 959 570 1020 fessae
591 960 691 1020 nimio
712 979 828 1020 cessere
850 961 950 1022 labori

271 1103 466 1180 terrigenum
487 1107 595 1181 gentes
617 1107 770 1182 quotquot
789 1105 904 1183 ubique
924 1106 1034 1167 iacent.

230 1250 288 1310 eni
309 1253 412 1309 Amor
431 1253 504 1310 ante
524 1249 602 1311 foris
622 1250 743 1313 subitus
766 1251 916 1327 consistit,
936 1253 968 1312 et
989 1254 1079 1328 urget

269 1393 431 1470 improbus
453 1394 629 1471 oppositam
649 1416 723 1458 voce
743 1417 901 1474 manuque
922 1414 1033 1457 seram.

231 1537 305 1597 huic
324 1557 401 1615 ego:
426 1538 585 1616 ‘quisquis
604 1540 685 1616 ades,
702 1541 766 1601 iam
784 1560 891 1618 perce:
913 1540 988 1617 quid
1008 1539 1086 1599 ostia
1104 1539 1235 1616 pulsas?

273 1684 402 1759 somnia,
427 1684 454 1743 si
475 1684 585 1760 nescis,
610 1688 725 1763 nostra,
748 1686 887 1761 moleste,
912 1686 1020 1764 fugae?

233 1828 346 1888 flebilis
365 1827 438 1888 ille:
460 1827 598 1890 ‘times‘i
618 1829 703 1906 aperi
723 1830 834 1890 modo:
856 1849 928 1889 sum
948 1830 1047 1905 puer,'
1067 1827 1188 1905 inquit:

277 1972 369 2032 ‘luna
388 1971 484 2034 latet:
506 1972 610 2033 subito
630 1973 739 2034 devius
759 1974 860 2034 imbre
882 1972 986 2051 rigor!

233 2116 308 2176 talia
327 2117 479 2194 plorantis
498 2116 646 2180 miseret:
666 2139 756 2179 mora
775 2118 871 2194 nulla,
896 2137 1044 2195 resurg03

274 2261 426 2339 ianuaque
447 2281 575 2323 accensa
594 2262 737 2340 lampade
758 2263 827 2322 laxa
846 2264 939 2340 patet.

234 2424 302 2465 ecce
321 2404 456 2482 pusillus
478 2407 572 2482 adest,
596 2407 723 2467 calamis
742 2406 915 2467 instructus
935 2410 967 2467 et
987 2426 1078 2467 arcu:
1108 2408 1111 2414 ’

276 2570 378 2627 penna
397 2551 513 2627 premit
534 2553 678 2628 tergum:
710 2571 790 2629 pone
810 2553 958 2628 pharetra
979 2553 1079 2611 sonat.

235 2698 308 2757 inde
329 2697 397 2756 foco
417 2696 623 2773 manibusque
644 2716 757 2758 manue
777 2697 914 2758 refovere
934 2696 1052 2755 dolenti

277 2862 351 2902 cura
370 2841 440 2917 fuit,
463 2841 604 2901 madidas
624 2841 807 2919 excutioque
828 2861 939 2903 comas.

236 2986 351 3064 frigore
372 3006 446 3046 mox
466 2986 575 3064 pulso:
604 2986 781 3046 ‘modone
802 2985 882 3045 mihi
903 2984 1028 3046 laeserit
1048 3005 1156 3046 arcum

276 3132 397 3194 imborl
424 3135 457 3192 et
476 3153 518 3192 en
538 3150 672 3191 nervum
692 3131 820 3191 tendere
841 3130 955 3205 coner‚'
976 3130 1030 3191 ait.

236 3277 382 3338 cornibus
404 3276 545 3338 adductis
566 3277 702 3353 steterat,
726 3275 901 3354 pariterque
923 3275 1037 3353 sagitta

278 3426 397 3482 oestrus
418 3421 466 3483 uti
485 3420 626 3480 medium
646 3439 702 3496 per
721 3420 807 3479 iecur
826 3421 895 3479 acta
914 3419 1007 3480 volat

236 3568 350 3643 exsilit,
374 3571 407 3628 et
426 3567 577 3644 plaudens
598 3565 659 3626 sibi
683 3565 846 3642 ‘plaudere
867 3565 977 3642 parcis,
1001 3563 1143 3624 amioe‘?’

282 3713 383 3773 ‘hunc
403 3714 494 3772 teneo
513 3710 654 3772 salvum:
682 3710 783 3772 laesus
805 3712 923 3789 etipse
944 3710 1069 3788 gemes!

1022 3832 1047 3868 Β.
1060 3832 1083 3869 Ιι.
1096 3832 1122 3869 Δ.
1133 3831 1171 3867 DU
1181 3832 1206 3869 Ρ.
