3050 4476
618 339 834 390 οκοπιεκειε
1171 345 1224 408 151

268 504 321 563 νῦν
343 496 376 565 δέ
398 496 427 563 σ’
450 496 470 578 ή
495 495 591 581 μήτηρ
616 497 735 578 ἐκείνην
756 503 858 581 μῶρον
877 500 951 564 όντα
972 497 1028 578 τὴν
1049 497 1140 581 κόρην

268 642 348 726 φησὶ
370 645 543 727 βούλεσθαι
564 648 674 728 γαμεῖν
695 643 751 724 τὴν
773 643 912 729 εὐγενοῦς
934 646 1024 724 δῆθεν
1045 645 1165 728 πατρός,

267 791 428 875 χρημάτων
450 790 476 856 δ’
500 791 691 873 ἀμνημονεῖν,
712 791 759 858 οῖς
779 789 877 855 πάντα
898 816 962 858 πως
982 789 1055 871 ἡμῖν
1077 790 1121 856 ἔνι

269 938 362 1016 ζῶσιν
384 937 575 1003 ἀποθανοῢσί
593 936 630 1014 τ’,
652 935 743 1016 οἶμαι·
775 934 903 1018 καὶγὰρ
925 934 1014 1017 ἀρετή
1036 933 1127 1019 πόρα.

267 1087 330 1150 πῶς
352 1080 410 1165 γὰρ
432 1081 470 1148 ἀν
493 1081 619 1147 κλέπτοι
640 1107 686 1149 τις
708 1078 727 1161 ἢ
750 1079 949 1166 τοιχωρυχοίη
973 1079 1129 1157 πλούσιος,

266 1231 396 1313 χλαῖναν
418 1226 671 1310 ἀναβεβλημένος
694 1223 744 1291 καὶ
766 1227 830 1309 τρὶς
852 1227 960 1309 φαγὼν
981 1229 1035 1306 τῆς
1056 1225 1193 1312 ήμόραςι

267 1375 348 1440 ταῦθ’
372 1373 573 1456 ἃμαρτόνουσ’
597 1373 735 1439 ἑκάστοθ’
758 1376 938 1456 ἀποροῦντες
959 1372 1107 1456 ἀλφίτων,

266 1520 336 1587 τοὺς
357 1518 390 1584 δέ
410 1544 456 1584 τοι
479 1517 606 1598 πένητας
628 1517 691 1584 ἴσθ’
715 1517 755 1584 ὡς
777 1515 839 1584 εῖσῖ
861 1516 1032 1599 σύμπαντες
1053 1520 1146 1583 κακοῖ

265 1668 358 1749 ἀργὸς
379 1664 399 1745 ή
423 1664 516 1748 φύσις
539 1666 597 1748 γὰρ
620 1665 718 1730 αὐτοῖς
738 1660 757 1743 ἢ
781 1661 914 1745 πατρόσι
935 1668 969 1728 τὸ
992 1663 1110 1746 πρόσθ,
1134 1662 1199 1730 ἐπεὶ

265 1809 389 1892 κτόμεθ
413 1810 566 1892 ἅνθρωποι
588 1813 627 1875 τὰ
646 1807 774 1894 χρήματ’
795 1810 847 1875 αιἰκ
868 1807 941 1875 όνεν
962 1814 1082 1875 πολλοῦ
1104 1809 1206 1876 πόνον.

265 1957 330 2041 εἶχε
350 1961 425 2040 γοῦν
445 1952 544 2037 πατήρ
566 1953 635 2019 ποθ’
658 1954 748 2034 οὑμὸς
770 1953 859 2020 οὐδὲν
878 1950 899 2034 ἢ
920 1952 1062 2037 ’δόκει’γ’
1084 1955 1177 2040 ἔχειν,

263 2107 414 2170 διαπονῶν
436 2104 468 2166 δὲ
491 2098 540 2166 καὶ
562 2106 716 2184 μεριμνῶν
737 2099 770 2165 εῖν
790 2098 958 2181 ’τελεύτησ’
982 2100 1039 2166 οἶδ’
1062 2101 1117 2166 ὅτι·

263 2250 317 2329 τὴν
338 2250 395 2330 μὲν
416 2247 515 2312 οἰκίαν
538 2248 662 2324 ἐκεῖνος,
684 2244 738 2311 εἴτ’
761 2247 820 2330 ἐγὼ
843 2245 1048 2329 ’πεκτησόμην

263 2401 315 2461 τὸν
336 2391 459 2475 μολῶν’,
483 2393 570 2461 αὐτὸς
592 2392 618 2458 δ’
642 2393 754 2476 ἐπόψει
776 2392 807 2476 μ’
830 2393 916 2461 αὖθις
939 2390 1147 2474 ἐξικνούμενον

262 2543 352 2624 οὗπερ
375 2541 461 2607 ἔστιν
481 2539 500 2620 ἡ
523 2538 642 2623 γέφυρα
664 2538 713 2603 καὶ
734 2537 806 2619 μόλ’
828 2539 916 2623 ἐγγὺς
938 2543 991 2603 τοῦ
1013 2538 1122 2621 λόφον.

263 2690 290 2752 εῖ
310 2689 367 2767 μὲν
389 2685 442 2751 οὖν
463 2683 562 2770 γόμον
583 2689 690 2769 γαμεῖς
712 2684 767 2750 τιν’
789 2685 913 2770 ἀγαθόν·
938 2686 965 2750 εῖ
988 2685 1022 2749 δὲ
1041 2682 1093 2765 μή,
1112 2685 1219 2750 Κόνων

262 2832 341 2914 τάμλ
363 2829 474 2915 λήψετ’
498 2830 712 2898 ἀποθανόντος·
740 2830 795 2910 τὴν
817 2830 892 2912 ἐμὴν
911 2829 1035 2914 γνιόμην
1056 2830 1146 2913 ἔχεις.

1109 2971 1138 3009 Η.
1157 2972 1183 3009 B·
