3028 4468
614 333 831 381 OXONIENSIS

705 1060 742 1100 cn

304 1156 400 1216 Nulla
419 1156 499 1232 petit
520 1175 654 1217 manans
675 1156 709 1215 in
730 1160 854 1218 nostros
874 1156 1002 1217 lacrima
1022 1156 1132 1218 vultus

346 1257 381 1314 ut
402 1255 444 1314 sit
465 1254 625 1331 digressus
645 1255 744 1315 serior
765 1256 844 1316 hora
865 1255 913 1315 tui
924 1277 932 1330 3

303 1373 395 1413 mens
415 1352 533 1412 etenim
554 1374 619 1414 non
640 1356 689 1414 est
708 1353 799 1414 molli
819 1374 928 1431 parere
948 1354 1055 1414 timori

345 1455 453 1513 nostra
473 1472 530 1511 nec
550 1451 690 1512 imbellis
710 1473 785 1512 ausa
806 1473 913 1530 rogare
934 1472 1048 1513 moras.

303 1553 427 1626 pectora
448 1550 602 1624 deficiant,
627 1553 713 1611 coeat
733 1552 900 1611 formidine
921 1550 1056 1628 sanguis,

342 1648 447 1708 vincla
468 1649 522 1708 sed
544 1649 696 1725 Hispanis
717 1651 792 1709 sunt
812 1649 980 1709 adimenda
1000 1649 1096 1722 viris;

303 1749 335 1806 et
355 1747 458 1823 pudor
477 1749 510 1806 et
530 1748 651 1823 patriae
672 1767 750 1824 quae
771 1748 856 1807 sensi
876 1747 980 1807 debita
1000 1750 1100 1807 terrae

344 1847 419 1904 sunt
439 1845 521 1905 mihi
543 1845 631 1916 (nam
652 1846 763 1923 fateor)
784 1845 883 1921 pluris
905 1866 1011 1907 amore
1032 1849 1095 1906 tuo,

303 1963 376 2019 ergo
398 1963 463 2021 age,
487 1963 578 2019 carpe
598 1944 704 2005 viam:
726 1964 801 2003 nam
822 1965 878 2004 ceu
898 1944 1023 2015 vexilla
1047 1965 1103 2021 per
1124 1964 1215 2005 auras

343 2041 432 2100 mille
452 2062 539 2102 meae
560 2044 666 2101 tecum
687 2042 808 2101 somnia
828 2042 944 2102 mentis
965 2045 1060 2116 eunt3

304 2160 368 2199 non
389 2140 522 2200 aberunt
542 2141 645 2200 tacitis
666 2161 723 2217 pro
744 2143 774 2200 te
795 2144 868 2201 vota
889 2141 973 2201 edita
993 2141 1090 2202 labris

343 2258 476 2315 spesque
497 2240 573 2298 satis
593 2239 694 2298 facilis
713 2239 768 2299 vix
788 2223 934 2299 habitura
956 2240 1038 2300 deos.

304 2336 331 2394 si
351 2341 501 2412 pereunte
522 2340 629 2397 tamen
650 2358 722 2397 cum
743 2336 886 2397 libertate
907 2338 1031 2414 peribis,

345 2435 390 2495 nil
412 2436 493 2494 mihi
514 2439 672 2512 praeterea
694 2437 776 2512 quod
798 2436 939 2495 doleatur
959 2436 1036 2510 erit3

305 2533 407 2592 omnis
428 2533 515 2593 enim
536 2554 648 2594 sensus
668 2533 828 2610 diffugerit
839 2555 847 2609 ;
875 2554 940 2593 una
960 2534 1101 2594 mauebit

344 2632 537 2708 praecipiens
557 2634 681 2692 nostres
701 2652 772 2709 spes
792 2633 971 2691 malesuada
991 2652 1090 2709 rogus.

304 2729 354 2788 sin
376 2731 460 2790 favet
480 2730 614 2806 inceptis
634 2731 711 2790 deus
731 2735 924 2806 eventusque
945 2731 1102 2804 secundat,

345 2827 372 2887 si
393 2848 470 2888 suus
489 2829 642 2905 Hispanis
661 2833 709 2890 est
730 2830 888 2889 rediturus
908 2829 1030 2902 h0n0r;

305 2927 363 2985 hoc
385 2926 445 2985 erit
464 2927 499 2985 in
519 2927 609 3002 votis
634 2930 670 2987 ut
691 2928 782 2987 fracti
802 2927 934 2987 nuntius
955 2927 1056 2987 hostis

344 3026 387 3084 sit
407 3026 488 3084 mihi
508 3026 654 3087 laetantis
673 3026 755 3086 risus
774 3027 809 3086 in
830 3047 881 3086 ore
902 3027 970 3086 viu’.
