3050 4476
607 376 823 426 οκοιιιειιειε
1158 381 1216 446 139

252 535 263 593 i
285 554 377 605 nunc,
402 534 499 610 docte,
524 534 638 598 Chloes
660 536 759 597 risum
780 536 861 597 mihi
881 536 975 614 pinge
995 536 1117 613 tabella,

293 652 409 711 perque
431 635 521 692 notas
542 633 662 694 similes
682 637 748 694 arte
769 655 927 713 manuque
947 635 1045 695 refer:

255 731 391 808 Cynthia
412 732 467 792 sed
488 752 575 792 sacro
596 736 723 793 maneat
742 734 920 793 veneranda
940 736 1056 809 poetae,

294 830 438 907 Cynthia,
464 849 519 890 οοιι
541 831 647 891 divam
669 850 764 908 quam
786 831 853 891 sine
874 831 936 891 fine
958 832 1066 892 colam.

1116 943 1148 977 W.
1160 943 1183 976 1..

653 1320 781 1361 Lxxx111

258 1415 343 1479 Ἔνθ’
366 1417 440 1499 ὅγε
462 1414 591 1499 ἠχήεντ’,
615 1417 773 1498 εὐηγεσίης
795 1413 828 1480 ἐδ
851 1417 946 1493 εἶδός,

260 1521 380 1600 δείματα
402 1526 467 1585 ναῖε
488 1521 585 1603 γέρων
607 1519 715 1585 παῖδάς
738 1519 762 1581 τ’
787 1520 911 1600 ὀλίγους
932 1521 1098 1598 ἐδίδασκεν,

262 1625 376 1689 αἰδοῖος
398 1625 571 1704 νεμεσητός,
594 1625 611 1685 ὅ
633 1624 679 1689 τίς
702 1626 770 1688 ἑθεν
792 1622 973 1688 ἀντιάσειεν·

263 1726 295 1790 εὖ
316 1725 350 1790 δέ
373 1731 388 1791 ἑ
410 1725 471 1813 ᾔδε’
493 1728 561 1810 ἐγώ,
583 1726 647 1814 ᾔδει
669 1727 702 1790 δέ
726 1724 775 1790 καὶ
798 1728 831 1793 ὅς
855 1726 880 1790 κ’
903 1727 1047 1792 ἀλίτοιτο.

262 1831 295 1896 εδ
317 1835 350 1896 δὲ
372 1837 425 1896 τοῦ
448 1831 497 1913 ήρι
519 1830 591 1909 μάλ’
606 1828 689 1912 ὅφιν
712 1828 828 1910 ἀκήριοι
851 1833 1048 1916 εἰσορόωντες

264 1936 401 2012 ὄσσονθ’,
423 1937 463 2001 ὥς
484 1937 523 2019 ῥα
545 1934 609 1998 κάκ’
632 1934 710 2016 ήμαρ
733 1932 782 1998 ἐπὶ
806 1937 900 2015 σφίσι
923 1934 1013 2014 κήδεα
1034 1933 1158 1999 πέσσοι·

264 2039 296 2103 εὖ
318 2043 351 2105 δὲ
372 2038 455 2119 μάλα
478 2043 639 2122 γναθμοῖσι
661 2040 805 2121 γελοίαον
828 2040 1046 2120 ἀλλοτρίοισιν,

263 2146 293 2207 εί
313 2167 341 2205 τι
363 2147 487 2226 γελοῖον
508 2143 599 2208 ἐειπε·
629 2147 736 2226 γελοία
758 2142 784 2206 δ’
807 2145 825 2206 ά
846 2142 874 2226 γ’
897 2141 1016 2207 άσπετα
1037 2143 1111 2229 ᾔδει.

262 2246 316 2329 ῥεῖ’
338 2246 401 2310 αὖτ’
424 2247 496 2312 ἐνθα
519 2244 566 2311 καί
589 2247 660 2312 ἐνθα
683 2246 773 2328 φάτις
797 2246 944 2329 στρέφετ’,
960 2247 1017 2327 ήκα
1040 2252 1156 2321 κιοῦσα,

266 2352 412 2434 ἀγγελίην
434 2350 585 2416 ἐνέπουσα
607 2349 709 2430 κακήν,
732 2350 776 2414 ὅθ’
799 2352 912 2431 ὑπόδρα
933 2354 1037 2415 ίδοιτο·

265 2457 298 2522 ὅς
320 2481 356 2538 γε
377 2457 433 2534 μὲν
453 2453 543 2534 ἤπιος
565 2456 645 2532 ἔσκε,
669 2452 717 2519 καὶ
740 2456 769 2520 εί
788 2481 816 2518 τι
840 2457 889 2519 καὶ
911 2453 1016 2537 άγριον
1038 2455 1127 2536 ἐρδοι,

265 2561 358 2626 αίτιος
381 2559 418 2638 ἦν
440 2558 491 2623 αιἰκ
514 2558 610 2639 αὐτός,
632 2559 698 2642 ἔρος
720 2559 745 2622 δ’
768 2560 883 2640 ἀρετῆς,
906 2557 940 2622 δν
963 2559 1099 2643 ἔχεσκεν.

266 2664 371 2746 εὔχετο
393 2662 453 2744 μάν
476 2667 535 2728 πᾶς
557 2666 658 2745 δῆμος,
681 2665 757 2728 ὅσον
779 2659 962 2745 πραπίδεσσ’
985 2661 1137 2739 ἐκέκαστο,

266 2768 304 2834 ὡς
325 2763 489 2847 πεμπάζετ’
512 2765 719 2845 ἐπισταμένως
741 2762 790 2831 καὶ
811 2764 933 2845 σήματα
955 2764 1019 2851 ᾔδει

266 2871 299 2936 ἐν
320 2872 425 2935 πίνακι
446 2871 564 2953 γράψαι
587 2871 636 2933 καὶ
658 2867 866 2950 μετρήσασθαι
889 2868 1024 2949 ἀρούρας·

265 2980 327 3057 γνῶ
350 2974 376 3038 δ’
398 2975 416 3036 ὅ
438 2999 474 3057 γε
495 2977 556 3037 πάν
577 2974 700 3053 τέκμωρ,
723 2972 766 3037 ὅτ’
788 2970 906 3051 ἀέξοιτο
928 2970 1007 3053 μέγα
1029 2976 1114 3047 κῦμα,

265 3079 358 3161 μέτρα
380 3077 406 3140 τ’
431 3078 574 3142 ἐπίστατο
597 3075 714 3159 κράφθ·
743 3077 762 3155 ή
785 3080 843 3158 γάρ
865 3073 938 3140 πέλε
961 3074 1054 3157 δήμαο
1077 3076 1178 3157 φῆμις.

268 3181 365 3260 Ζηνδς
386 3181 411 3245 δ’
436 3181 512 3262 ἱρεὺς
534 3181 606 3268 ᾔδε’,
629 3181 646 3244 ὅ
668 3179 694 3263 ῥ’
718 3180 774 3263 οὐχ
795 3179 947 3262 ἡμάρτανε
967 3179 1077 3259 μόθων,

267 3287 399 3364 νικηθεὶς
420 3284 477 3368 γάρ
500 3287 518 3348 ὅ
539 3282 567 3367 γ’
588 3287 654 3348 αίέν
677 3286 722 3349 ἔτι
744 3284 912 3350 πλεόνεσσι
935 3283 1046 3347 ἐπεσσι

266 3387 370 3469 βάζεν·
396 3388 509 3471 άμετρα
530 3392 563 3454 δὲ
585 3391 689 3470 πολλὰ
712 3389 761 3452 καὶ
783 3388 833 3452 οὐκ
858 3387 995 3450 ἐπιδευέα
1016 3384 1094 3470 ἠχῆς

267 3496 299 3558 ἐκ
322 3493 434 3575 φρένας
458 3491 631 3576 ἀγρομένων
654 3489 854 3574 πεπλήγεσαν
876 3492 1056 3572 ἀγροιωτῶν.

268 3601 298 3665 ἐς
321 3599 354 3663 δὲ
375 3598 440 3662 ίδον
463 3602 563 3678 φωτὸς
585 3594 733 3678 κεφαλήν,
752 3594 871 3676 θάμβος
893 3592 918 3658 δ’
941 3595 994 3678 ἔχε
1016 3593 1140 3667 πάντας,

268 3702 307 3769 ὡς
328 3701 420 3781 τυτθή
443 3726 499 3783 περ
522 3702 613 3764 ἐοῦσα
635 3701 730 3782 χάδεν
752 3701 869 3764 τόσσον
892 3700 964 3764 νόον
986 3698 1082 3763 ἐνδον.

1091 3811 1114 3849 τ.
1127 3812 1150 3848 1..
1164 3812 1190 3848 A.
