3050 4476
623 369 838 419 OXONIENSIS

713 548 745 589 01

270 644 443 705 Continuos
464 662 569 718 unam,
594 645 701 704 credat
721 645 776 721 qui
797 644 904 721 possit,
930 645 1041 721 amavi,

309 745 374 802 tres
394 742 459 802 iam
479 742 651 818 continuos,
675 746 740 803 tres
761 743 828 803 siue
849 743 912 802 fine
933 743 1008 805 dies.

270 840 370 918 quid?
397 844 485 916 puto,
506 843 570 900 tres
591 840 669 900 alios
689 841 774 900 idem
794 843 973 901 constanter
993 843 1104 902 amabo

311 940 340 999 si
359 940 438 1000 feret
458 942 612 999 antennas
632 960 708 1000 aura
728 941 863 1000 secunda
883 960 978 1001 meas.

271 1058 346 1098 nam
367 1039 456 1115 prius
475 1038 591 1098 exactis
612 1039 776 1099 decurrent
796 1039 956 1099 mensibus
977 1040 1061 1116 anni,

313 1140 437 1213 tempus
456 1136 549 1196 humi
568 1154 671 1214 penna
692 1137 853 1197 deficiente
875 1139 980 1213 eadet3

273 1255 367 1313 quam
386 1255 443 1311 per
463 1238 619 1295 terrarum
639 1238 743 1296 totum
764 1237 957 1296 constantior
977 1237 1084 1297 orbem

312 1337 417 1394 tamve
437 1336 531 1394 tenax
550 1334 618 1394 voti
638 1335 847 1411 comperiatur
867 1354 984 1398 amans.

272 1435 313 1507 at,
337 1431 381 1491 sic
401 1433 466 1491 fata
486 1432 566 1492 mihi
587 1452 653 1492 sese
675 1433 836 1493 ostendere
857 1434 1004 1511 maligna,

313 1530 360 1589 nil
379 1550 418 1589 ex
439 1550 471 1589 re
492 1530 582 1606 potui
602 1531 712 1591 ducere
733 1532 835 1592 leudis
855 1552 921 1610 ego.

273 1648 336 1687 non
357 1630 482 1705 cuperet
501 1648 626 1688 mecum
647 1628 739 1706 longe
760 1649 920 1690 remanere
941 1630 1070 1706 Cupido,

314 1726 349 1785 ni
369 1726 471 1802 modo,
495 1747 573 1803 quae
595 1727 699 1804 tetigit
719 1730 852 1804 pectora,
876 1729 1000 1806 Pyrrha
1020 1729 1120 1804 foret;

271 1825 305 1885 ni
325 1826 419 1885 modo
440 1825 564 1902 Pyrrha
585 1825 674 1901 foret,
698 1825 732 1885 ni
753 1826 895 1903 Pyrrhae
916 1826 1017 1886 forma
1037 1828 1187 1888 venustae

314 1944 365 1982 me
387 1926 516 1999 caperet,
540 1924 637 1983 nullis
657 1923 833 2002 effugienda
853 1925 974 2000 modis3

274 2021 371 2081 altera
391 2022 431 2081 ab
451 2021 617 2081 undecima
637 2023 817 2100 (numerum
837 2023 923 2081 huno
945 2042 1056 2100 augere
1076 2021 1198 2098 licebat)

314 2119 349 2178 in
368 2120 510 2198 Pyrrhae
531 2120 636 2197 potuit
655 2120 718 2180 iarn
739 2120 870 2180 subiisse
891 2120 1004 2183 locum.

1012 2233 1034 2268 ὓ.
1048 2233 1077 2267 11.
1089 2232 1125 2269 ΕΤ.
1138 2233 1162 2266 L·
1175 2228 1202 2269 B·

714 2327 761 2370 011

315 2423 459 2500 Ingentis
479 2424 573 2484 iactet
594 2422 705 2485 titulos
727 2427 820 2502 atque
840 2425 929 2486 urbis
948 2426 1092 2501 honores,

356 2522 408 2581 cui
427 2522 612 2582 natalicium
633 2523 720 2583 sidus
741 2526 773 2583 et
793 2524 873 2583 hora
893 2524 987 2584 favet.

316 2640 366 2680 me
388 2621 501 2696 potius,
525 2621 627 2680 fastus
647 2621 726 2682 istos
746 2621 797 2682 cui
817 2622 883 2681 fata
903 2624 1066 2698 negarunt,

356 2718 388 2777 id
410 2719 493 2811 quod
513 2719 680 2795 praecipuo
702 2719 814 2797 dignor
834 2721 954 2780 honore
974 2719 1070 2780 iuvat.

317 2816 443 2877 deliciae
464 2817 520 2894 qui
541 2820 616 2876 sunt
636 2838 755 2895 regum,
780 2838 837 2878 ceu
857 2818 970 2893 caltha,
994 2817 1113 2877 colores

357 2917 540 2992 oppandunt
560 2911 682 2976 domini
702 2917 778 2977 solis
798 2917 838 2977 ad
859 2937 914 2976 ora
934 2916 993 2991 sui,

317 3014 426 3074 nubila
446 3014 488 3074 sit
508 3015 610 3090 facies,
635 3015 763 3075 illorum
784 3015 884 3092 gloria
903 3014 1004 3090 fiuxit,

358 3132 512 3190 aureaque
532 3113 566 3172 in
587 3132 653 3173 sese
675 3114 778 3173 forma
798 3114 921 3190 sepulta
940 3113 1027 3174 iacet.

318 3213 464 3270 strenuus
484 3213 516 3270 et
536 3211 628 3271 miles
648 3211 751 3271 felicia
770 3213 866 3271 notus
887 3212 927 3271 ob
948 3231 1043 3286 arma,

358 3308 386 3368 si
407 3309 522 3369 totiens
541 3309 643 3370 victor
662 3309 802 3370 vincitur
821 3309 887 3386 ipse
908 3311 1014 3386 semel,

318 3407 439 3467 raditur
459 3428 476 3466 e
497 3407 587 3467 fastis
607 3408 737 3469 omnino
758 3428 874 3467 nomen
894 3408 1045 3485 honestis,

359 3506 526 3584 omniaque
547 3507 671 3567 assiduo
693 3509 781 3585 gesta
800 3507 906 3567 labore
927 3508 1049 3569 cadunt.

318 3625 415 3682 oego
436 3625 532 3682 quam
552 3605 661 3666 videor
680 3606 765 3681 felix,
788 3606 951 3665 immobile
972 3608 1080 3682 pectus

358 3704 493 3780 pectoris
513 3704 640 3764 imm'oti
660 3724 783 3781 semper
803 3704 939 3765 amantis
961 3723 1077 3764 amans.

1104 3815 1130 3849 A.
1142 3814 1165 3850 Τ.
1178 3815 1203 3849 Β.
