3028 4468
592 312 807 363 OXONIENSIS

655 602 742 645 cml

329 697 396 763 Νέα
416 701 472 777 μὲν
494 699 543 763 ὧδ’
567 700 693 782 ἇρθεῖσα
715 703 839 764 κινεῖται
861 701 943 783 μάχη

329 804 524 886 δυσχείμερος
548 805 675 868 κλύδωνι
697 803 755 867 σὺν
776 806 884 889 πολλῷ
904 806 1000 886 δορός·

328 908 425 988 ὄρφνη
448 907 474 969 δ’
497 907 591 988 ἄωρος
613 912 754 989 λαμπρόν
777 909 861 973 εἶλεν
885 908 1019 990 οὐρανόν,

328 1010 477 1092 σκήψασα
500 1009 528 1075 δ’
551 1012 645 1094 ἔσχεν
667 1013 770 1093 ὥσπερ
793 1012 908 1099 ἀγχόνῃ
931 1011 1019 1093 φάος,

327 1113 451 1196 ἄπειρον
475 1117 654 1196 ἐμβαλοῦσα
675 1116 793 1179 δίκτυον
816 1117 934 1180 σκότου·

327 1219 379 1282 ἰῶν
401 1222 434 1282 δὲ
456 1224 600 1300 κρεῖσσον
623 1219 716 1298 ὀξέων
739 1218 803 1283 κατ’
825 1217 930 1300 αἰθέρα

328 1319 473 1404 στεροπαὶ
496 1325 622 1410 διῇσσον
645 1322 719 1386 αἰέν·
750 1313 831 1385 ὥσθἸ
844 1322 931 1404 ἡμεῖς
954 1328 1035 1391 τινὸς

325 1424 480 1493 δείσαντες
502 1425 695 1509 ὀργισθέντος
719 1428 752 1489 ἐκ
775 1429 845 1490 θεοῦ
869 1426 957 1492 κότον

325 1528 481 1609 ὀκνοῦμεν·
511 1532 539 1592 οἱ
562 1526 588 1594 δ’
610 1529 740 1596 ἅπαντες
763 1529 803 1595 ὣς
825 1529 1031 1611 χαλκόστομοι

325 1630 412 1719 φωνῇ
432 1636 536 1713 βόαμα
557 1636 762 1715 μυριοπληθές
783 1635 838 1718 μιᾷ

326 1736 419 1803 ἱέντες
443 1739 596 1802 ἐκσείουσι
618 1741 676 1821 γῆν
697 1739 909 1818 μεσόμφαλον

324 1840 463 1922 διερράγη
487 1839 512 1904 δ’
535 1844 551 1903 ὁ
574 1847 690 1923 τυφλὸς
715 1842 839 1924 ούρανοῦ
861 1841 957 1907 πόλος

323 1948 450 2010 παιᾶνος
474 1945 577 2028 ὥσπερ
600 1944 720 2032 ἐμβολῇ
743 1945 947 2027 πανωλέθρον,

324 2047 399 2110 ὥσθ’
420 2047 438 2126 ἡ
461 2050 517 2133 βίη
541 2054 690 2129 κρατοῦσα
712 2047 768 2128 νὺξ
786 2048 978 2130 μεσημβρινὴ

323 2149 509 2231 ὰντηλόλαξ’
531 2152 648 2217 ἄνωθεν
669 2152 759 2236 ἆντίφ
783 2151 891 2237 κτύπφ·

322 2260 439 2320 τοιοῦτο
462 2255 488 2319 δ’
511 2256 697 2336 ἆντηύδησεν
720 2252 850 2338 ὡσπερεὶ
873 2254 973 2319 σάλου

322 2361 493 2443 πλημμυρὶς
515 2358 668 2443 ἐκρήξειεν
690 2359 817 2443 ούρανοῦ
841 2359 950 2424 κύκλον

323 2462 473 2543 στέφανοί
492 2489 525 2528 τε
548 2465 668 2546 πύργων
692 2464 835 2546 φρούριόν
857 2461 881 2526 τ’
908 2461 1065 2542 ἐπάλξεων

322 2567 464 2648 ἄστροισι
487 2569 674 2648 ποικίλειμον
695 2569 829 2651 ὑψίστου
851 2573 925 2634 Διός

322 2668 377 2748 ἤδη
401 2675 541 2735 κτνποῖεν
564 2673 597 2734 έν
618 2672 821 2757 βαρυγδούπῳ
843 2667 951 2752 φθορᾷ.

320 2778 448 2838 τοσοῦτο
469 2777 526 2853 μὲν
547 2782 657 2856 βοῶσι,
679 2773 729 2838 διὰ
750 2775 830 2854 βοὴν
852 2772 877 2837 δ’
901 2774 944 2837 ἔτι

319 2875 415 2955 μέσην
435 2904 468 2941 τε
493 2875 539 2940 καὶ
562 2876 720 2960 λήγουσαν
742 2880 785 2943 εἷς
807 2903 852 2943 τις
875 2879 976 2959 ὄρθιον

321 2979 418 3061 ἔρρηξ’
439 2979 511 3063 ἀνὴρ
535 2982 662 3062 φάνημα
685 2980 857 3064 σάλπιγγος
879 2979 971 3058 δίκην·

320 3083 366 3158 ἴτ’,
390 3083 563 3165 ἔκπεράνατ’
587 3084 684 3167 ἔργον·
716 3085 772 3166 οὐχ
793 3084 880 3164 ἕδρας
904 3081 991 3162 ἀκμή·

320 3186 366 3263 ἴτ’,
389 3189 498 3270 ἐχθρὸν
521 3186 650 3268 ἐξαμᾶτε
672 3187 831 3269 πρόρριζον
854 3187 916 3268 δορὶ

320 3290 503 3369 μνησθέντες
526 3293 592 3355 οἶον
614 3289 650 3369 ἐξ
671 3293 735 3355 οἴου
757 3296 867 3371 πατρὸς
889 3288 977 3373 γένος

320 3393 478 3473 πεφύκας’,
501 3395 536 3457 οὐ
557 3400 702 3476 χερσαῖον
725 3397 756 3458 ἐκ
779 3393 993 3476 τειχισμάτων,

320 3495 390 3560 ἀλλ’
413 3497 532 3579 εύγενὲς
554 3497 723 3578 βλάστημα
744 3497 866 3564 ποντίας
890 3498 974 3564 ἁλός·

321 3601 420 3665 κλύων
442 3603 475 3664 δὲ
498 3604 557 3667 πᾶς
580 3626 625 3666 τις
647 3601 769 3681 θουρίον
791 3603 916 3678 τάνδρὸς
939 3600 1019 3681 βοὴν

320 3704 462 3786 ἔφρισσε,
482 3709 596 3769 λεπτὸν
618 3702 711 3787 αἰθέρ’
734 3704 774 3770 ὦς
795 3704 865 3789 ἠχεῖ
886 3709 943 3782 δία,
