<?xml version="1.0" encoding="UTF-8"?>
<!DOCTYPE html PUBLIC "-//W3C//DTD XHTML 1.0 Transitional//EN"
    "http://www.w3.org/TR/xhtml1/DTD/xhtml1-transitional.dtd">
<html xmlns="http://www.w3.org/1999/xhtml" xml:lang="en" lang="en">
 <head>
  <title>
</title>
<meta http-equiv="Content-Type" content="text/html;charset=utf-8" />
  <meta name='ocr-system' content='tesseract 3.04.00' />
  <meta name='ocr-capabilities' content='ocr_page ocr_carea ocr_par ocr_line ocrx_word'/>
</head>
<body>
  <div class='ocr_page' id='page_1' title='image "./novaanthologiao02godlgoog_0098.png"; bbox 0 0 3018 4478; ppageno 0'>
   <div class='ocr_carea' id='block_1_1' title="bbox 610 326 825 402">
    <p class='ocr_par' dir='ltr' id='par_1_1' title="bbox 610 326 825 402">
     <span class='ocr_line' id='line_1_1' title="bbox 610 326 825 402; baseline 0.005 -1"><span class='ocrx_word' id='word_1_1' title='bbox 610 326 825 402; x_wconf 72' lang='lat' dir='ltr'>exoremusrs</span> 
     </span>
    </p>
   </div>
   <div class='ocr_carea' id='block_1_2' title="bbox 668 613 758 655">
    <p class='ocr_par' dir='ltr' id='par_1_2' title="bbox 668 613 758 655">
     <span class='ocr_line' id='line_1_2' title="bbox 668 613 758 655; baseline 0.011 -2"><span class='ocrx_word' id='word_1_2' title='bbox 668 613 758 655; x_wconf 83' lang='lat' dir='ltr'>XLVII</span> 
     </span>
    </p>
   </div>
   <div class='ocr_carea' id='block_1_3' title="bbox 211 717 1190 2271">
    <p class='ocr_par' dir='ltr' id='par_1_3' title="bbox 213 717 996 779">
     <span class='ocr_line' id='line_1_3' title="bbox 213 717 996 779; baseline 0.001 -3"><span class='ocrx_word' id='word_1_3' title='bbox 213 717 283 777; x_wconf 84' lang='lat' dir='ltr'>Nox</span> <span class='ocrx_word' id='word_1_4' title='bbox 304 718 368 777; x_wconf 89' lang='lat' dir='ltr'>ruit</span> <span class='ocrx_word' id='word_1_5' title='bbox 388 717 507 778; x_wconf 87' lang='lat' dir='ltr'>interea</span> <span class='ocrx_word' id='word_1_6' title='bbox 527 722 560 778; x_wconf 91' lang='lat' dir='ltr'>et</span> <span class='ocrx_word' id='word_1_7' title='bbox 580 719 642 779; x_wconf 83' lang='lat' dir='ltr'>late</span> <span class='ocrx_word' id='word_1_8' title='bbox 664 719 730 778; x_wconf 84' lang='lat' dir='ltr'>loca</span> <span class='ocrx_word' id='word_1_9' title='bbox 750 721 839 779; x_wconf 84' lang='lat' dir='ltr'>vasta</span> <span class='ocrx_word' id='word_1_10' title='bbox 859 718 996 779; x_wconf 86' lang='lat' dir='ltr'>tenebris</span> 
     </span>
    </p>

    <p class='ocr_par' dir='ltr' id='par_1_4' title="bbox 213 816 989 894">
     <span class='ocr_line' id='line_1_4' title="bbox 213 816 989 894; baseline 0.001 -20"><span class='ocrx_word' id='word_1_11' title='bbox 213 819 349 892; x_wconf 87' lang='lat' dir='ltr'>occupat,</span> <span class='ocrx_word' id='word_1_12' title='bbox 372 819 567 894; x_wconf 77' lang='lat' dir='ltr'><strong>arrectasque</strong></span> <span class='ocrx_word' id='word_1_13' title='bbox 588 816 676 892; x_wconf 84' lang='lat' dir='ltr'>acies,</span> <span class='ocrx_word' id='word_1_14' title='bbox 700 817 845 894; x_wconf 90' lang='lat' dir='ltr'>solosque</span> <span class='ocrx_word' id='word_1_15' title='bbox 864 816 989 876; x_wconf 88' lang='lat' dir='ltr'>relictos</span> 
     </span>
    </p>

    <p class='ocr_par' dir='ltr' id='par_1_5' title="bbox 212 914 1048 992">
     <span class='ocr_line' id='line_1_5' title="bbox 212 914 1048 992; baseline 0.001 -20"><span class='ocrx_word' id='word_1_16' title='bbox 212 915 356 974; x_wconf 86' lang='lat' dir='ltr'>ductores</span> <span class='ocrx_word' id='word_1_17' title='bbox 366 935 375 988; x_wconf 90' lang='lat'>;</span> <span class='ocrx_word' id='word_1_18' title='bbox 403 914 585 992; x_wconf 90' lang='lat' dir='ltr'>gelidusque</span> <span class='ocrx_word' id='word_1_19' title='bbox 606 915 703 974; x_wconf 90' lang='lat' dir='ltr'>simul</span> <span class='ocrx_word' id='word_1_20' title='bbox 723 915 898 975; x_wconf 88' lang='lat' dir='ltr'>submissus</span> <span class='ocrx_word' id='word_1_21' title='bbox 919 914 958 974; x_wconf 92' lang='lat' dir='ltr'>ab</span> <span class='ocrx_word' id='word_1_22' title='bbox 979 916 1048 976; x_wconf 87' lang='lat' dir='ltr'>Oxo</span> 
     </span>
    </p>

    <p class='ocr_par' dir='ltr' id='par_1_6' title="bbox 211 1012 1168 1484">
     <span class='ocr_line' id='line_1_6' title="bbox 211 1012 1102 1090; baseline 0 -19"><span class='ocrx_word' id='word_1_23' title='bbox 211 1012 237 1072; x_wconf 93' lang='lat' dir='ltr'>it</span> <span class='ocrx_word' id='word_1_24' title='bbox 259 1032 331 1072; x_wconf 89' lang='lat' dir='ltr'>cum</span> <span class='ocrx_word' id='word_1_25' title='bbox 351 1015 441 1072; x_wconf 89' lang='lat' dir='ltr'>nocte</span> <span class='ocrx_word' id='word_1_26' title='bbox 461 1033 568 1090; x_wconf 85' lang='lat' dir='ltr'>vapor.</span> <span class='ocrx_word' id='word_1_27' title='bbox 611 1034 692 1088; x_wconf 85' lang='lat' dir='ltr'>mox,</span> <span class='ocrx_word' id='word_1_28' title='bbox 716 1016 805 1073; x_wconf 91' lang='lat' dir='ltr'>coetu</span> <span class='ocrx_word' id='word_1_29' title='bbox 826 1016 863 1073; x_wconf 93' lang='lat' dir='ltr'>ut</span> <span class='ocrx_word' id='word_1_30' title='bbox 882 1032 972 1089; x_wconf 89' lang='lat' dir='ltr'>saepe</span> <span class='ocrx_word' id='word_1_31' title='bbox 992 1012 1102 1085; x_wconf 77' lang='lat' dir='ltr'>soluto,</span> 
     </span>
     <span class='ocr_line' id='line_1_7' title="bbox 212 1109 1007 1188; baseline -0.003 -18"><span class='ocrx_word' id='word_1_32' title='bbox 212 1131 375 1171; x_wconf 91' lang='lat' dir='ltr'>murmura</span> <span class='ocrx_word' id='word_1_33' title='bbox 394 1110 520 1171; x_wconf 78' lang='lat' dir='ltr'>misceri</span> <span class='ocrx_word' id='word_1_34' title='bbox 540 1112 674 1187; x_wconf 88' lang='lat' dir='ltr'>tractim,</span> <span class='ocrx_word' id='word_1_35' title='bbox 698 1111 872 1188; x_wconf 78' lang='lat' dir='ltr'>nebulaque</span> <span class='ocrx_word' id='word_1_36' title='bbox 892 1109 1007 1169; x_wconf 86' lang='lat' dir='ltr'>micare</span> 
     </span>
     <span class='ocr_line' id='line_1_8' title="bbox 212 1209 1082 1288; baseline -0.001 -20"><span class='ocrx_word' id='word_1_37' title='bbox 212 1209 379 1287; x_wconf 73' lang='lat' dir='ltr'>interrupti</span> <span class='ocrx_word' id='word_1_38' title='bbox 398 1209 506 1288; x_wconf 83' lang='lat' dir='ltr'>ignes3</span> <span class='ocrx_word' id='word_1_39' title='bbox 534 1211 653 1270; x_wconf 78' lang='lat' dir='ltr'>etenim</span> <span class='ocrx_word' id='word_1_40' title='bbox 674 1230 759 1270; x_wconf 91' lang='lat' dir='ltr'>nunc</span> <span class='ocrx_word' id='word_1_41' title='bbox 779 1229 891 1286; x_wconf 85' lang='lat' dir='ltr'>agmen</span> <span class='ocrx_word' id='word_1_42' title='bbox 912 1211 1082 1285; x_wconf 90' lang='lat' dir='ltr'>utrumque</span> 
     </span>
     <span class='ocr_line' id='line_1_9' title="bbox 212 1306 1168 1386; baseline -0.002 -18"><span class='ocrx_word' id='word_1_43' title='bbox 212 1311 311 1368; x_wconf 88' lang='lat' dir='ltr'>castra</span> <span class='ocrx_word' id='word_1_44' title='bbox 330 1311 451 1385; x_wconf 88' lang='lat' dir='ltr'>petunt,</span> <span class='ocrx_word' id='word_1_45' title='bbox 475 1309 648 1386; x_wconf 88' lang='lat' dir='ltr'>positisque</span> <span class='ocrx_word' id='word_1_46' title='bbox 668 1311 781 1385; x_wconf 86' lang='lat' dir='ltr'>parant</span> <span class='ocrx_word' id='word_1_47' title='bbox 801 1328 834 1368; x_wconf 93' lang='lat' dir='ltr'>se</span> <span class='ocrx_word' id='word_1_48' title='bbox 855 1306 1013 1385; x_wconf 79' lang='lat' dir='ltr'>accingere</span> <span class='ocrx_word' id='word_1_49' title='bbox 1034 1307 1168 1367; x_wconf 84' lang='lat' dir='ltr'>mensis:</span> 
     </span>
     <span class='ocr_line' id='line_1_10' title="bbox 213 1406 940 1484; baseline 0 -18"><span class='ocrx_word' id='word_1_50' title='bbox 213 1406 338 1466; x_wconf 86' lang='lat' dir='ltr'>Persica</span> <span class='ocrx_word' id='word_1_51' title='bbox 357 1407 509 1483; x_wconf 86' lang='lat' dir='ltr'>porrectis</span> <span class='ocrx_word' id='word_1_52' title='bbox 528 1408 626 1484; x_wconf 88' lang='lat' dir='ltr'>pubes</span> <span class='ocrx_word' id='word_1_53' title='bbox 647 1407 792 1484; x_wconf 85' lang='lat' dir='ltr'>epulatur</span> <span class='ocrx_word' id='word_1_54' title='bbox 812 1406 940 1467; x_wconf 88' lang='lat' dir='ltr'>harenis</span> 
     </span>
    </p>

    <p class='ocr_par' dir='ltr' id='par_1_7' title="bbox 212 1505 1057 1583">
     <span class='ocr_line' id='line_1_11' title="bbox 212 1505 1057 1583; baseline 0 -19"><span class='ocrx_word' id='word_1_55' title='bbox 212 1525 269 1564; x_wconf 86' lang='lat' dir='ltr'>axe</span> <span class='ocrx_word' id='word_1_56' title='bbox 289 1506 347 1565; x_wconf 90' lang='lat' dir='ltr'>sub</span> <span class='ocrx_word' id='word_1_57' title='bbox 367 1505 530 1579; x_wconf 87' lang='lat' dir='ltr'>Austrino,</span> <span class='ocrx_word' id='word_1_58' title='bbox 554 1507 608 1566; x_wconf 89' lang='lat' dir='ltr'>sed</span> <span class='ocrx_word' id='word_1_59' title='bbox 629 1505 691 1566; x_wconf 84' lang='lat' dir='ltr'>rivi</span> <span class='ocrx_word' id='word_1_60' title='bbox 710 1505 745 1565; x_wconf 92' lang='lat' dir='ltr'>in</span> <span class='ocrx_word' id='word_1_61' title='bbox 765 1505 906 1583; x_wconf 82' lang='lat' dir='ltr'>margine</span> <span class='ocrx_word' id='word_1_62' title='bbox 928 1505 1057 1565; x_wconf 89' lang='lat' dir='ltr'>Parthi:</span> 
     </span>
    </p>

    <p class='ocr_par' dir='ltr' id='par_1_8' title="bbox 212 1603 932 1680">
     <span class='ocr_line' id='line_1_12' title="bbox 212 1603 932 1680; baseline 0.001 -18"><span class='ocrx_word' id='word_1_63' title='bbox 212 1606 244 1662; x_wconf 87' lang='lat' dir='ltr'>et</span> <span class='ocrx_word' id='word_1_64' title='bbox 265 1604 349 1663; x_wconf 89' lang='lat' dir='ltr'>solus</span> <span class='ocrx_word' id='word_1_65' title='bbox 370 1603 495 1680; x_wconf 89' lang='lat' dir='ltr'>genitor</span> <span class='ocrx_word' id='word_1_66' title='bbox 514 1604 582 1664; x_wconf 88' lang='lat' dir='ltr'>nati</span> <span class='ocrx_word' id='word_1_67' title='bbox 604 1625 676 1664; x_wconf 94' lang='lat' dir='ltr'>cum</span> <span class='ocrx_word' id='word_1_68' title='bbox 696 1604 806 1665; x_wconf 86' lang='lat' dir='ltr'>funere</span> <span class='ocrx_word' id='word_1_69' title='bbox 827 1607 932 1664; x_wconf 88' lang='lat' dir='ltr'>restat.</span> 
     </span>
    </p>

    <p class='ocr_par' dir='ltr' id='par_1_9' title="bbox 211 1702 1190 2271">
     <span class='ocr_line' id='line_1_13' title="bbox 251 1702 1190 1780; baseline 0 -19"><span class='ocrx_word' id='word_1_70' title='bbox 251 1704 308 1775; x_wconf 83' lang='lat' dir='ltr'>At,</span> <span class='ocrx_word' id='word_1_71' title='bbox 329 1702 423 1762; x_wconf 84' lang='lat' dir='ltr'>tacito</span> <span class='ocrx_word' id='word_1_72' title='bbox 444 1703 673 1780; x_wconf 89' lang='lat' dir='ltr'>strepitumque</span> <span class='ocrx_word' id='word_1_73' title='bbox 692 1703 860 1763; x_wconf 91' lang='lat' dir='ltr'>hominum</span> <span class='ocrx_word' id='word_1_74' title='bbox 881 1703 1040 1779; x_wconf 85' lang='lat' dir='ltr'>nubesque</span> <span class='ocrx_word' id='word_1_75' title='bbox 1061 1702 1190 1762; x_wconf 89' lang='lat' dir='ltr'>iacentis</span> 
     </span>
     <span class='ocr_line' id='line_1_14' title="bbox 212 1800 1088 1878; baseline 0.001 -19"><span class='ocrx_word' id='word_1_76' title='bbox 212 1800 343 1860; x_wconf 90' lang='lat' dir='ltr'>flumine</span> <span class='ocrx_word' id='word_1_77' title='bbox 364 1821 556 1878; x_wconf 87' lang='lat' dir='ltr'>percurrens,</span> <span class='ocrx_word' id='word_1_78' title='bbox 581 1823 654 1862; x_wconf 84' lang='lat' dir='ltr'>mcx</span> <span class='ocrx_word' id='word_1_79' title='bbox 675 1821 743 1862; x_wconf 88' lang='lat' dir='ltr'>sese</span> <span class='ocrx_word' id='word_1_80' title='bbox 763 1801 798 1861; x_wconf 91' lang='lat' dir='ltr'>in</span> <span class='ocrx_word' id='word_1_81' title='bbox 819 1804 926 1877; x_wconf 91' lang='lat' dir='ltr'>aperta</span> <span class='ocrx_word' id='word_1_82' title='bbox 947 1801 1088 1860; x_wconf 88' lang='lat' dir='ltr'>locorum</span> 
     </span>
     <span class='ocr_line' id='line_1_15' title="bbox 211 1898 1084 1977; baseline 0.002 -20"><span class='ocrx_word' id='word_1_83' title='bbox 211 1898 312 1958; x_wconf 89' lang='lat' dir='ltr'>laetus</span> <span class='ocrx_word' id='word_1_84' title='bbox 332 1900 404 1976; x_wconf 86' lang='lat' dir='ltr'>agit,</span> <span class='ocrx_word' id='word_1_85' title='bbox 428 1900 505 1960; x_wconf 86' lang='lat' dir='ltr'>Iove</span> <span class='ocrx_word' id='word_1_86' title='bbox 527 1901 586 1960; x_wconf 89' lang='lat' dir='ltr'>sub</span> <span class='ocrx_word' id='word_1_87' title='bbox 606 1900 718 1977; x_wconf 89' lang='lat' dir='ltr'>gelido,</span> <span class='ocrx_word' id='word_1_88' title='bbox 742 1919 796 1958; x_wconf 87' lang='lat' dir='ltr'>rex</span> <span class='ocrx_word' id='word_1_89' title='bbox 817 1900 903 1960; x_wconf 86' lang='lat' dir='ltr'>Oxus</span> <span class='ocrx_word' id='word_1_90' title='bbox 923 1919 1084 1976; x_wconf 87' lang='lat' dir='ltr'>aquarum.</span> 
     </span>
     <span class='ocr_line' id='line_1_16' title="bbox 212 1997 1031 2075; baseline 0.001 -19"><span class='ocrx_word' id='word_1_91' title='bbox 212 1998 353 2074; x_wconf 83' lang='lat' dir='ltr'>claraque</span> <span class='ocrx_word' id='word_1_92' title='bbox 374 1998 528 2075; x_wconf 81' lang='lat' dir='ltr'>solivagae</span> <span class='ocrx_word' id='word_1_93' title='bbox 548 1999 716 2075; x_wconf 88' lang='lat' dir='ltr'>splendens</span> <span class='ocrx_word' id='word_1_94' title='bbox 736 1999 775 2058; x_wconf 86' lang='lat' dir='ltr'>ad</span> <span class='ocrx_word' id='word_1_95' title='bbox 796 1997 919 2057; x_wconf 86' lang='lat' dir='ltr'>lumina</span> <span class='ocrx_word' id='word_1_96' title='bbox 938 1998 1031 2057; x_wconf 83' lang='lat' dir='ltr'>lunae</span> 
     </span>
     <span class='ocr_line' id='line_1_17' title="bbox 211 2095 985 2174; baseline 0.004 -20"><span class='ocrx_word' id='word_1_97' title='bbox 211 2095 310 2155; x_wconf 81' lang='lat' dir='ltr'>fertur</span> <span class='ocrx_word' id='word_1_98' title='bbox 330 2096 527 2174; x_wconf 88' lang='lat' dir='ltr'>Hyperborei</span> <span class='ocrx_word' id='word_1_99' title='bbox 546 2117 601 2173; x_wconf 92' lang='lat' dir='ltr'>per</span> <span class='ocrx_word' id='word_1_100' title='bbox 621 2099 710 2157; x_wconf 86' lang='lat' dir='ltr'>vasta</span> <span class='ocrx_word' id='word_1_101' title='bbox 730 2096 856 2157; x_wconf 86' lang='lat' dir='ltr'>silentia</span> <span class='ocrx_word' id='word_1_102' title='bbox 876 2097 985 2173; x_wconf 79' lang='lat' dir='ltr'>campi.</span> 
     </span>
     <span class='ocr_line' id='line_1_18' title="bbox 211 2193 1021 2271; baseline 0.002 -19"><span class='ocrx_word' id='word_1_103' title='bbox 211 2193 266 2252; x_wconf 93' lang='lat' dir='ltr'>ille</span> <span class='ocrx_word' id='word_1_104' title='bbox 287 2194 413 2271; x_wconf 90' lang='lat' dir='ltr'>quidem</span> <span class='ocrx_word' id='word_1_105' title='bbox 433 2196 550 2254; x_wconf 84' lang='lat' dir='ltr'>Arctoo</span> <span class='ocrx_word' id='word_1_106' title='bbox 571 2195 704 2255; x_wconf 86' lang='lat' dir='ltr'>tendens</span> <span class='ocrx_word' id='word_1_107' title='bbox 723 2195 783 2254; x_wconf 93' lang='lat' dir='ltr'>iter</span> <span class='ocrx_word' id='word_1_108' title='bbox 804 2194 916 2255; x_wconf 86' lang='lat' dir='ltr'>obvius</span> <span class='ocrx_word' id='word_1_109' title='bbox 936 2198 1021 2255; x_wconf 91' lang='lat' dir='ltr'>astro</span> 
     </span>
    </p>
   </div>
   <div class='ocr_carea' id='block_1_4' title="bbox 210 2293 1186 2960">
    <p class='ocr_par' dir='ltr' id='par_1_10' title="bbox 212 2293 956 2371">
     <span class='ocr_line' id='line_1_19' title="bbox 212 2293 956 2371; baseline 0.003 -22"><span class='ocrx_word' id='word_1_110' title='bbox 212 2311 285 2350; x_wconf 87' lang='lat' dir='ltr'>rura</span> <span class='ocrx_word' id='word_1_111' title='bbox 305 2312 360 2369; x_wconf 88' lang='lat' dir='ltr'>per</span> <span class='ocrx_word' id='word_1_112' title='bbox 379 2293 536 2368; x_wconf 88' lang='lat' dir='ltr'>Orguniae</span> <span class='ocrx_word' id='word_1_113' title='bbox 559 2294 645 2371; x_wconf 84' lang='lat' dir='ltr'>larga</span> <span class='ocrx_word' id='word_1_114' title='bbox 666 2294 844 2353; x_wconf 83' lang='lat' dir='ltr'>devolvitur</span> <span class='ocrx_word' id='word_1_115' title='bbox 864 2294 956 2369; x_wconf 84' lang='lat' dir='ltr'>unda,</span> 
     </span>
    </p>

    <p class='ocr_par' dir='ltr' id='par_1_11' title="bbox 211 2391 1186 2664">
     <span class='ocr_line' id='line_1_20' title="bbox 211 2391 1186 2468; baseline 0.002 -20"><span class='ocrx_word' id='word_1_116' title='bbox 211 2391 324 2466; x_wconf 89' lang='lat' dir='ltr'>plenus</span> <span class='ocrx_word' id='word_1_117' title='bbox 345 2391 455 2465; x_wconf 83' lang='lat' dir='ltr'>adhuc,</span> <span class='ocrx_word' id='word_1_118' title='bbox 481 2392 689 2468; x_wconf 87' lang='lat' dir='ltr'>nequeenim</span> <span class='ocrx_word' id='word_1_119' title='bbox 710 2412 838 2452; x_wconf 88' lang='lat' dir='ltr'>cursum</span> <span class='ocrx_word' id='word_1_120' title='bbox 859 2412 947 2451; x_wconf 91' lang='lat' dir='ltr'>mora</span> <span class='ocrx_word' id='word_1_121' title='bbox 967 2392 1069 2451; x_wconf 86' lang='lat' dir='ltr'>tardat</span> <span class='ocrx_word' id='word_1_122' title='bbox 1090 2392 1186 2450; x_wconf 90' lang='lat' dir='ltr'>eunti.</span> 
     </span>
     <span class='ocr_line' id='line_1_21' title="bbox 211 2488 1034 2566; baseline 0.004 -20"><span class='ocrx_word' id='word_1_123' title='bbox 211 2491 281 2548; x_wconf 91' lang='lat' dir='ltr'>tum</span> <span class='ocrx_word' id='word_1_124' title='bbox 300 2508 374 2549; x_wconf 90' lang='lat' dir='ltr'>vero</span> <span class='ocrx_word' id='word_1_125' title='bbox 394 2488 550 2566; x_wconf 86' lang='lat' dir='ltr'>incipiunt</span> <span class='ocrx_word' id='word_1_126' title='bbox 570 2492 659 2551; x_wconf 85' lang='lat' dir='ltr'>alveo</span> <span class='ocrx_word' id='word_1_127' title='bbox 680 2511 873 2552; x_wconf 87' lang='lat' dir='ltr'>concrescere</span> <span class='ocrx_word' id='word_1_128' title='bbox 893 2491 1034 2564; x_wconf 86' lang='lat' dir='ltr'>harenae,</span> 
     </span>
     <span class='ocr_line' id='line_1_22' title="bbox 212 2586 945 2664; baseline 0.007 -19"><span class='ocrx_word' id='word_1_129' title='bbox 212 2586 399 2664; x_wconf 82' lang='lat' dir='ltr'>dividuoque</span> <span class='ocrx_word' id='word_1_130' title='bbox 420 2587 546 2648; x_wconf 88' lang='lat' dir='ltr'>obstant</span> <span class='ocrx_word' id='word_1_131' title='bbox 565 2590 694 2650; x_wconf 81' lang='lat' dir='ltr'>adverse</span> <span class='ocrx_word' id='word_1_132' title='bbox 715 2591 796 2650; x_wconf 91' lang='lat' dir='ltr'>mole</span> <span class='ocrx_word' id='word_1_133' title='bbox 817 2590 945 2650; x_wconf 86' lang='lat' dir='ltr'>fluento.</span> 
     </span>
    </p>

    <p class='ocr_par' dir='ltr' id='par_1_12' title="bbox 210 2685 1040 2859">
     <span class='ocr_line' id='line_1_23' title="bbox 211 2685 1040 2765; baseline 0.004 -22"><span class='ocrx_word' id='word_1_134' title='bbox 211 2685 255 2745; x_wconf 88' lang='lat' dir='ltr'>sic</span> <span class='ocrx_word' id='word_1_135' title='bbox 276 2705 331 2761; x_wconf 91' lang='lat' dir='ltr'>per</span> <span class='ocrx_word' id='word_1_136' title='bbox 351 2685 411 2744; x_wconf 87' lang='lat' dir='ltr'>iter</span> <span class='ocrx_word' id='word_1_137' title='bbox 430 2685 561 2763; x_wconf 92' lang='lat' dir='ltr'>longum</span> <span class='ocrx_word' id='word_1_138' title='bbox 581 2687 647 2747; x_wconf 88' lang='lat' dir='ltr'>iam</span> <span class='ocrx_word' id='word_1_139' title='bbox 667 2688 779 2748; x_wconf 89' lang='lat' dir='ltr'>debilis</span> <span class='ocrx_word' id='word_1_140' title='bbox 799 2690 896 2765; x_wconf 90' lang='lat' dir='ltr'>inque</span> <span class='ocrx_word' id='word_1_141' title='bbox 916 2687 1040 2763; x_wconf 89' lang='lat' dir='ltr'>peditus</span> 
     </span>
     <span class='ocr_line' id='line_1_24' title="bbox 210 2784 1037 2859; baseline 0.001 -17"><span class='ocrx_word' id='word_1_142' title='bbox 210 2784 364 2859; x_wconf 84' lang='lat' dir='ltr'>pervade</span> <span class='ocrx_word' id='word_1_143' title='bbox 383 2784 497 2843; x_wconf 88' lang='lat' dir='ltr'>limosa</span> <span class='ocrx_word' id='word_1_144' title='bbox 517 2788 548 2844; x_wconf 90' lang='lat' dir='ltr'>et</span> <span class='ocrx_word' id='word_1_145' title='bbox 569 2785 670 2845; x_wconf 90' lang='lat' dir='ltr'>iuncis</span> <span class='ocrx_word' id='word_1_146' title='bbox 691 2790 724 2846; x_wconf 91' lang='lat' dir='ltr'>et</span> <span class='ocrx_word' id='word_1_147' title='bbox 745 2786 921 2846; x_wconf 86' lang='lat' dir='ltr'>harundine</span> <span class='ocrx_word' id='word_1_148' title='bbox 942 2786 1037 2844; x_wconf 85' lang='lat' dir='ltr'>densa</span> 
     </span>
    </p>

    <p class='ocr_par' dir='ltr' id='par_1_13' title="bbox 211 2880 1026 2960">
     <span class='ocr_line' id='line_1_25' title="bbox 211 2880 1026 2960; baseline 0.002 -21"><span class='ocrx_word' id='word_1_149' title='bbox 211 2880 312 2940; x_wconf 87' lang='lat' dir='ltr'>obsita</span> <span class='ocrx_word' id='word_1_150' title='bbox 331 2881 413 2957; x_wconf 91' lang='lat' dir='ltr'>repit</span> <span class='ocrx_word' id='word_1_151' title='bbox 434 2882 727 2960; x_wconf 70' lang='lat' dir='ltr'>iners-quantum</span> <span class='ocrx_word' id='word_1_152' title='bbox 748 2886 889 2943; x_wconf 88' lang='lat' dir='ltr'>mutatus</span> <span class='ocrx_word' id='word_1_153' title='bbox 910 2882 1026 2942; x_wconf 86' lang='lat' dir='ltr'>abillo</span> 
     </span>
    </p>
   </div>
   <div class='ocr_carea' id='block_1_5' title="bbox 210 2980 1132 3650">
    <p class='ocr_par' dir='ltr' id='par_1_14' title="bbox 211 2980 1002 3057">
     <span class='ocr_line' id='line_1_26' title="bbox 211 2980 1002 3057; baseline 0.003 -18"><span class='ocrx_word' id='word_1_154' title='bbox 211 2980 266 3057; x_wconf 88' lang='lat' dir='ltr'>qui</span> <span class='ocrx_word' id='word_1_155' title='bbox 285 3001 385 3057; x_wconf 89' lang='lat' dir='ltr'>nuper</span> <span class='ocrx_word' id='word_1_156' title='bbox 406 2981 516 3057; x_wconf 85' lang='lat' dir='ltr'>patriis</span> <span class='ocrx_word' id='word_1_157' title='bbox 536 2982 653 3044; x_wconf 91' lang='lat' dir='ltr'>missus</span> <span class='ocrx_word' id='word_1_158' title='bbox 675 2985 713 3043; x_wconf 89' lang='lat' dir='ltr'>de</span> <span class='ocrx_word' id='word_1_159' title='bbox 734 2984 895 3044; x_wconf 89' lang='lat' dir='ltr'>montibus</span> <span class='ocrx_word' id='word_1_160' title='bbox 916 2984 1002 3044; x_wconf 85' lang='lat' dir='ltr'>Oxus</span> 
     </span>
    </p>

    <p class='ocr_par' dir='ltr' id='par_1_15' title="bbox 210 3074 990 3158">
     <span class='ocr_line' id='line_1_27' title="bbox 210 3074 990 3158; baseline 0.005 -21"><span class='ocrx_word' id='word_1_161' title='bbox 210 3078 343 3139; x_wconf 86' lang='lat' dir='ltr'>lucentis</span> <span class='ocrx_word' id='word_1_162' title='bbox 364 3080 493 3157; x_wconf 90' lang='lat' dir='ltr'>urgebat</span> <span class='ocrx_word' id='word_1_163' title='bbox 514 3084 628 3158; x_wconf 83' lang='lat' dir='ltr'>aquasl</span> <span class='ocrx_word' id='word_1_164' title='bbox 670 3101 755 3141; x_wconf 91' lang='lat' dir='ltr'>nunc</span> <span class='ocrx_word' id='word_1_165' title='bbox 775 3074 885 3145; x_wconf 74' lang='lat' dir='ltr'>devius</span> <span class='ocrx_word' id='word_1_166' title='bbox 905 3101 990 3141; x_wconf 88' lang='lat' dir='ltr'>error</span> 
     </span>
    </p>

    <p class='ocr_par' dir='ltr' id='par_1_16' title="bbox 211 3176 1132 3356">
     <span class='ocr_line' id='line_1_28' title="bbox 211 3176 1016 3256; baseline 0.005 -21"><span class='ocrx_word' id='word_1_167' title='bbox 211 3176 300 3247; x_wconf 86' lang='lat' dir='ltr'>ludit,</span> <span class='ocrx_word' id='word_1_168' title='bbox 323 3178 500 3239; x_wconf 79' lang='lat' dir='ltr'>millerias</span> <span class='ocrx_word' id='word_1_169' title='bbox 521 3179 638 3239; x_wconf 85' lang='lat' dir='ltr'>frustra</span> <span class='ocrx_word' id='word_1_170' title='bbox 659 3179 736 3239; x_wconf 92' lang='lat' dir='ltr'>dum</span> <span class='ocrx_word' id='word_1_171' title='bbox 757 3182 891 3256; x_wconf 83' lang='lat' dir='ltr'>temptat</span> <span class='ocrx_word' id='word_1_172' title='bbox 911 3178 1016 3239; x_wconf 89' lang='lat' dir='ltr'>eundi.</span> 
     </span>
     <span class='ocr_line' id='line_1_29' title="bbox 251 3276 1132 3356; baseline 0 -21"><span class='ocrx_word' id='word_1_173' title='bbox 251 3276 324 3335; x_wconf 84' lang='lat' dir='ltr'>Mox</span> <span class='ocrx_word' id='word_1_174' title='bbox 345 3279 451 3335; x_wconf 91' lang='lat' dir='ltr'>tamen</span> <span class='ocrx_word' id='word_1_175' title='bbox 472 3279 578 3354; x_wconf 87' lang='lat' dir='ltr'>optato</span> <span class='ocrx_word' id='word_1_176' title='bbox 598 3277 700 3356; x_wconf 87' lang='lat' dir='ltr'>pelagi</span> <span class='ocrx_word' id='word_1_177' title='bbox 721 3297 794 3337; x_wconf 92' lang='lat' dir='ltr'>cum</span> <span class='ocrx_word' id='word_1_178' title='bbox 814 3297 983 3351; x_wconf 88' lang='lat' dir='ltr'>murmure,</span> <span class='ocrx_word' id='word_1_179' title='bbox 1008 3276 1132 3353; x_wconf 80' lang='lat' dir='ltr'>fulgens</span> 
     </span>
    </p>

    <p class='ocr_par' dir='ltr' id='par_1_17' title="bbox 210 3373 991 3450">
     <span class='ocr_line' id='line_1_30' title="bbox 210 3373 991 3450; baseline 0.006 -20"><span class='ocrx_word' id='word_1_180' title='bbox 210 3373 372 3433; x_wconf 87' lang='lat' dir='ltr'>stellarum</span> <span class='ocrx_word' id='word_1_181' title='bbox 393 3374 496 3448; x_wconf 87' lang='lat' dir='ltr'>radiis,</span> <span class='ocrx_word' id='word_1_182' title='bbox 520 3376 626 3435; x_wconf 84' lang='lat' dir='ltr'>stellas</span> <span class='ocrx_word' id='word_1_183' title='bbox 647 3375 740 3435; x_wconf 91' lang='lat' dir='ltr'>modo</span> <span class='ocrx_word' id='word_1_184' title='bbox 760 3376 879 3436; x_wconf 85' lang='lat' dir='ltr'>laverat</span> <span class='ocrx_word' id='word_1_185' title='bbox 899 3376 991 3450; x_wconf 89' lang='lat' dir='ltr'>unda,</span> 
     </span>
    </p>

    <p class='ocr_par' dir='ltr' id='par_1_18' title="bbox 211 3471 1027 3550">
     <span class='ocr_line' id='line_1_31' title="bbox 211 3471 1027 3550; baseline 0.009 -23"><span class='ocrx_word' id='word_1_186' title='bbox 211 3489 251 3529; x_wconf 89' lang='lat' dir='ltr'>en</span> <span class='ocrx_word' id='word_1_187' title='bbox 272 3471 410 3547; x_wconf 88' lang='lat' dir='ltr'>quaesita</span> <span class='ocrx_word' id='word_1_188' title='bbox 430 3473 550 3548; x_wconf 67' lang='lat' dir='ltr'>domus</span> <span class='ocrx_word' id='word_1_189' title='bbox 573 3473 696 3550; x_wconf 89' lang='lat' dir='ltr'>requies</span> <span class='ocrx_word' id='word_1_190' title='bbox 717 3493 752 3532; x_wconf 86' lang='lat' dir='ltr'>ea</span> <span class='ocrx_word' id='word_1_191' title='bbox 773 3477 855 3533; x_wconf 84' lang='lat' dir='ltr'>certa</span> <span class='ocrx_word' id='word_1_192' title='bbox 875 3474 1027 3549; x_wconf 86' lang='lat' dir='ltr'>laborum,</span> 
     </span>
    </p>

    <p class='ocr_par' dir='ltr' id='par_1_19' title="bbox 211 3567 1080 3650">
     <span class='ocr_line' id='line_1_32' title="bbox 211 3567 1080 3650; baseline 0.005 -23"><span class='ocrx_word' id='word_1_193' title='bbox 211 3571 363 3646; x_wconf 84' lang='lat' dir='ltr'>metaque,</span> <span class='ocrx_word' id='word_1_194' title='bbox 387 3571 595 3648; x_wconf 87' lang='lat' dir='ltr'>tranquillum</span> <span class='ocrx_word' id='word_1_195' title='bbox 615 3567 705 3650; x_wconf 78' lang='lat' dir='ltr'>po&#39;nti</span> <span class='ocrx_word' id='word_1_196' title='bbox 725 3574 812 3649; x_wconf 89' lang='lat' dir='ltr'>patet</span> <span class='ocrx_word' id='word_1_197' title='bbox 832 3593 946 3649; x_wconf 88' lang='lat' dir='ltr'>aequor</span> <span class='ocrx_word' id='word_1_198' title='bbox 966 3571 1080 3633; x_wconf 84' lang='lat' dir='ltr'>Aralis.</span> 
     </span>
    </p>
   </div>
   <div class='ocr_carea' id='block_1_6' title="bbox 1090 3681 1179 3716">
    <p class='ocr_par' dir='ltr' id='par_1_20' title="bbox 1090 3681 1179 3716">
     <span class='ocr_line' id='line_1_33' title="bbox 1090 3681 1179 3716; baseline 0 0"><span class='ocrx_word' id='word_1_199' title='bbox 1090 3682 1109 3716; x_wconf 79' lang='lat' dir='ltr'>J.</span> <span class='ocrx_word' id='word_1_200' title='bbox 1121 3681 1146 3714; x_wconf 84' lang='lat' dir='ltr'>Y.</span> <span class='ocrx_word' id='word_1_201' title='bbox 1159 3682 1179 3716; x_wconf 79' lang='grc'>8.</span> 
     </span>
    </p>
   </div>
   <div class='ocr_carea' id='block_1_7' title="bbox 294 3868 324 3926">
    <p class='ocr_par' dir='ltr' id='par_1_21' title="bbox 294 3868 324 3926">
     <span class='ocr_line' id='line_1_34' title="bbox 294 3868 324 3926; baseline 0 -28"><span class='ocrx_word' id='word_1_202' title='bbox 294 3868 324 3926; x_wconf 70' lang='grc' dir='ltr'>ὃ*</span> 
     </span>
    </p>
   </div>
   <div class='ocr_carea' id='block_1_8' title="bbox 0 0 1514 4478">
    <p class='ocr_par' dir='ltr' id='par_1_22' title="bbox 0 0 1514 4478">
     <span class='ocr_line' id='line_1_35' title="bbox 0 0 1514 4478; baseline 0 1"><span class='ocrx_word' id='word_1_203' title='bbox 0 0 1514 4478; x_wconf 95' lang='lat' dir='ltr'> </span> 
     </span>
    </p>
   </div>
  </div>
 </body>
</html>
