3018 4478
612 328 827 377 OXONIENSIS

638 826 641 831 Δ
703 772 725 814 V

379 867 473 928 Oultu
494 867 613 928 ludicra
632 866 697 927 iam
718 887 801 929 novo

419 968 597 1044 procedant,
620 967 728 1027 solitas
748 987 806 1027 nec
825 969 975 1044 peragant
995 966 1087 1042 vices,

379 1066 433 1125 sed
453 1068 579 1143 gratum
599 1065 794 1127 variantibus

419 1165 582 1223 mutentur
603 1162 715 1223 thiasis
735 1163 866 1240 saepius,
890 1165 921 1222 et
942 1163 1004 1223 cito

380 1259 534 1321 alternata
554 1261 661 1321 minus
681 1281 786 1321 morae

420 1359 485 1419 sint
506 1360 665 1420 desideriis
686 1358 934 1436 adspicientium.

298 1540 299 1543 Ἴ
379 1461 556 1535 exspectare
576 1458 672 1518 nimis
693 1459 747 1518 diu

421 1555 572 1633 quidquid
593 1576 659 1616 non
679 1555 768 1617 tenui
787 1556 909 1616 lumina
930 1554 1045 1632 decipit

380 1653 472 1728 fastu,
495 1653 646 1715 mollibus
666 1653 776 1715 eximit

421 1754 543 1829 partem
564 1752 690 1813 deliciis.
735 1752 850 1831 migret
870 1752 1007 1813 amarior

380 1851 497 1926 vultus,
522 1850 644 1928 siquid
665 1852 698 1911 et
717 1851 839 1910 horridi

421 1948 499 2009 lucis
519 1949 604 2009 iussa
623 1951 738 2010 manet.
783 1951 891 2008 nostra
911 1948 1009 2009 licens
1029 1947 1105 2008 iocis

381 2066 443 2106 nox
462 2045 627 2107 sollemnia
647 2049 832 2122 commovet,

421 2144 515 2204 altrix
536 2144 656 2219 siderei,
679 2165 742 2221 quo
763 2145 873 2220 radiat,
897 2145 962 2222 poli

382 2262 417 2302 ac
437 2245 508 2302 tum
528 2242 600 2318 plus
620 2243 714 2303 solito
734 2243 840 2302 nitens

423 2340 524 2401 dulcis
544 2340 670 2400 delicias
690 2361 763 2401 cum
783 2341 871 2401 iuvat
892 2341 1006 2401 addita.

383 2442 542 2515 sceptrum
562 2438 690 2499 cernitis
711 2442 748 2499 ut
768 2442 876 2500 vomat

423 2537 506 2615 ignis
525 2537 710 2599 flammifero
731 2559 804 2598 cum
825 2539 1022 2598 diademate?

383 2637 420 2695 ut
439 2636 477 2695 de
497 2638 584 2696 veste
604 2639 743 2696 tremens
763 2637 837 2697 deae

423 2733 567 2795 decurrat
587 2734 700 2811 liquidi
719 2735 814 2796 fascia
835 2734 991 2795 luminis?

383 2831 472 2892 illam
492 2851 557 2892 non
577 2833 672 2893 hodie
692 2833 780 2893 iuvat

423 2929 603 2991 inmersisse
624 2932 690 2992 suis
709 2933 835 3008 pectora
854 2931 986 3008 roribus,

382 3048 448 3089 non
467 3049 578 3090 somno
598 3050 739 3107 premere
761 3029 887 3091 obrutos

424 3146 550 3187 sensus:
578 3128 610 3187 te
630 3127 726 3205 vigili,
750 3126 892 3205 quisquis
912 3130 986 3189 ades
1006 3129 1110 3205 saeris,

384 3225 478 3286 turba
497 3226 597 3302 pascit
617 3225 802 3303 imaginum,

425 3323 533 3400 plenae
553 3326 670 3384 crescat
690 3324 737 3384 uti
758 3344 882 3384 summa
901 3325 1053 3385 licentiae.

1091 3437 1154 3471 m.
