3018 4478
633 373 849 421 OXONIENSIS

710 589 765 630 XLI

280 685 313 743 B.
359 681 447 748 άπτει
468 688 502 748 τὸ
524 689 592 765 πῦρ.

280 789 311 849 Γ.

616 788 705 869 τύφει
727 785 753 852 δ’
775 789 952 872 ἀνηφαίστῳ
974 787 1066 867 μένει.

366 891 400 955 οὗ
421 889 548 957 παύσετ’
570 891 654 957 εὐθὺς
676 894 730 958 τὰς
752 891 951 975 βαρνψύχονς
972 890 1068 966 λιτάς,

366 993 482 1075 θρήνων
503 992 529 1060 τ’
551 995 694 1078 ὀδυρμοὺς
718 993 766 1060 καὶ
789 996 974 1079 γυναικείους
995 995 1108 1076 γόους,·

366 1097 478 1181 θράσος
500 1105 637 1180 φιλοῦσι,
661 1100 775 1183 πύργον
797 1100 941 1181 ἀνδρείας,
963 1101 1036 1174 θεοί,

366 1199 505 1270 καὶτοὺς
529 1203 794 1282 κατασκήπτοντας
817 1206 849 1267 έκ
873 1203 986 1285 θρόνων
1008 1207 1117 1278 λιταῖς,
1175 1283 1179 1290 Ι

365 1304 477 1387 δάκρυα
498 1305 524 1371 δ’
546 1307 662 1388 ἀμαυρὰ
684 1305 733 1372 καῖ
756 1313 875 1389 φρενῶν
897 1307 1034 1386 ἀθυμίαν,

366 1408 458 1474 ὠδῖνα
479 1411 592 1490 δισσὴν
613 1413 736 1478 ἐλπίδος
760 1414 861 1489 κακῆς,
883 1410 969 1492 ἕδρας

367 1513 478 1590 σεμνὰς
500 1520 636 1596 γελῶσιν
657 1513 779 1595 ἡσύχως
804 1510 973 1591 καθήμενοι.

365 1616 493 1696 καὶμὴν
517 1616 606 1700 ἔγωγ’
629 1615 747 1681 ἀκούεθ’
768 1615 808 1683 ῶς
830 1615 936 1682 αὐτοὺς
960 1623 1053 1682 καλῶ.

363 1718 452 1801 Ἀρες
475 1719 625 1801 κράτιστε,
648 1724 701 1787 τὰς
723 1720 781 1803 γὰρ
802 1720 887 1799 ἡνίας
911 1721 991 1802 ἔχεις

366 1824 509 1904 πολέμων
531 1851 564 1890 τε
585 1824 709 1906 μάργων
733 1825 782 1888 καὶ
804 1825 999 1888 πολυπλόκου
1020 1822 1130 1906 μάχης,

365 1934 483 2007 σεμνῶς
505 1927 543 1992 δι’
567 1933 666 1993 ἑλκῶν
688 1929 736 1993 καὶ
759 1936 871 2008 νεκρῶν
893 1930 1034 2010 ἐρειπίων

367 2028 480 2096 κελαίν’
502 2033 638 2096 ἑλίσσων
660 2031 775 2114 ἅρματ’,
798 2032 942 2114 εύτροχον
964 2031 1041 2108 δέος,

367 2132 416 2198 καῖ
437 2141 616 2202 ναυστολεῖς
640 2135 802 2200 θάλασσαν
825 2138 1050 2218 αῖματόρρυτον,

366 2236 481 2320 ῶλῆμ’
503 2241 643 2317 ἀσαντον,
666 2238 690 2303 ῶ
713 2238 899 2321 σιδήροφρον
922 2239 1000 2320 κέαρ,

367 2342 495 2425 ἀγαθοὺς
517 2345 662 2426 γενέσθαι
685 2344 826 2426 κάγαθῶν
848 2344 964 2427 ἐχθρῶν
985 2348 1097 2426 τυχεῖν,

368 2446 488 2528 πληγάς
511 2472 544 2511 τε
567 2452 670 2512 δοῦναι
694 2447 742 2511 καὶ
765 2450 877 2525 λαβεῖν
900 2445 1080 2527 ἐρρωμένως,

369 2547 417 2612 καῖ
439 2550 580 2630 τραύμαθ’
603 2553 651 2615 οῖα
673 2551 713 2631 μὴ
737 2554 835 2631 φυγῆς
858 2551 1018 2614 ἐπίσκοπα·

368 2653 483 2734 ἀμφοῖν
504 2658 538 2721 δὲ
561 2655 655 2734 θυμὸν
677 2660 727 2720 δός
749 2657 893 2734 στρατοῖν
915 2657 1090 2734 περισκελῆ,

368 2764 428 2821 τῶν
450 2763 514 2821 σῶν
537 2755 576 2821 ἵν’
598 2757 790 2841 αῖχμάζωμεν
811 2755 871 2836 ἄξι’
894 2756 1043 2836 ἀμμάτων·

371 2862 387 2922 ό
407 2863 463 2941 μὲν
485 2860 630 2941 πολέμιος
651 2860 858 2942 ἠμφιεσμένος
882 2860 987 2941 κράτος

370 2963 479 3043 στήτω·
510 2967 674 3046 Βρεταννοὶ
696 2965 731 3039 δ’,
754 2963 805 3031 οθς
827 2969 939 3046 φιλεῖς,
961 2969 1051 3042 βαιὸς
1073 2966 1160 3043 λεός,

368 3069 462 3151 τύχην
484 3067 508 3131 δ’
533 3070 637 3147 ὅμοιος
660 3064 708 3132 καὶ
730 3068 870 3149 φρόνημα
892 3069 942 3132 καὶ
965 3066 1086 3150 θράσος,

370 3171 505 3250 ἔλθωμεν
527 3173 570 3239 είς
592 3173 704 3255 ἀγῶνα·
735 3171 828 3237 ταῦτά
851 3199 888 3237 σε
911 3176 1039 3237 σκοπεῖν

368 3273 488 3354 πρέπει,
510 3281 631 3358 βραβεῦ
652 3275 800 3359 γοργωπέ,
824 3277 957 3341 κάντίδος
981 3275 1069 3342 κλέος

369 3382 431 3444 τοῖς
453 3384 506 3442 νῶν
529 3379 739 3460 ἀριστεύουσιν
761 3381 793 3444 έν
815 3378 898 3465 μάχη
921 3380 1014 3462 δορός,

369 3487 423 3546 τὸν
445 3478 471 3545 δ’
493 3480 529 3544 αὖ
552 3483 642 3567 φόβῳ
665 3483 818 3566 φεύγοντα
839 3487 953 3565 γυμνὸν
975 3484 1104 3548 ἀσπίδος

337 3616 339 3619 ·
370 3585 493 3664 κάτιμον
516 3585 721 3665 ἀνθρώποισιν
745 3584 842 3651 είσαεῖ
864 3585 950 3651 τίθει.

1104 3705 1136 3738 W.
1150 3703 1174 3737 B.
1188 3703 1207 3737 1.
