3028 4468
598 364 811 412 OXONIENSIS

643 835 647 843 ·
674 823 736 864 CXV

249 920 330 978 Tum
352 919 467 997 refugit
489 921 621 997 Ganges,
646 920 749 980 oriens
769 921 840 978 tum
861 919 1012 995 quidquid
1032 939 1185 996 aquarum

247 1018 295 1077 sol
315 1018 408 1093 videt,
432 1021 464 1078 et
484 1021 630 1094 repetunt
650 1017 840 1094 trepidantia
860 1018 992 1077 fiumina
1012 1018 1117 1078 fontia.

247 1115 374 1176 insolita
394 1116 521 1192 penitus
541 1119 611 1177 tum
631 1116 700 1177 visa
719 1116 881 1175 rubescere
901 1116 969 1175 luce

249 1233 304 1273 exe
325 1215 383 1274 sub
404 1216 521 1275 Arctoo
542 1217 696 1292 quotquot
715 1214 858 1291 glacialia
877 1216 1010 1291 surgunt

248 1313 395 1387 eulmina,
417 1333 492 1373 nam
513 1313 574 1373 late
596 1315 717 1389 septem
738 1313 876 1372 subiecta
896 1312 994 1372 trioni

248 1411 337 1486 (quae
358 1411 425 1470 loca
445 1431 508 1470 nox
529 1412 688 1470 semestris
708 1411 803 1471 habet
823 1410 990 1487 tristesque
1011 1410 1167 1489 tenebrae)

247 1509 328 1567 celsa
348 1508 427 1585 iuga,
451 1512 483 1569 et
504 1509 610 1584 olivoS,
634 1512 666 1569 et
685 1510 837 1586 piniferos
857 1529 1002 1584 secessus,

248 1609 317 1666 turn
338 1608 482 1667 rutilasse
503 1608 610 1667 ferunt
630 1610 758 1685 totoque
779 1609 936 1668 ardescere
956 1609 1048 1668 caelo.

247 1706 331 1764 haud
351 1705 422 1764 aliis
444 1706 521 1765 olim
542 1706 660 1766 facibus
681 1707 796 1766 devexa
817 1707 963 1782 polorum

246 1803 369 1863 exitiale
390 1823 503 1881 agmen
524 1805 634 1864 Furias
655 1805 815 1864 decurrere
837 1806 950 1880 credas,

245 1904 339 1979 atque
358 1906 571 1963 extremorum
592 1904 672 1962 ferre
693 1907 877 1980 argumenta
897 1903 1064 1963 malorum.

246 2002 374 2077 corripit
393 2002 476 2079 ignis
497 2022 588 2079 agros
599 2024 607 2076 ;
635 2007 776 2079 segetum
795 2003 871 2061 tunc
892 2003 998 2062 fumus
1019 2001 1054 2061 in
1074 2021 1165 2061 auras

246 2099 385 2160 Volcano
406 2100 546 2176 rapiente
567 2101 653 2161 volat
673 2120 810 2160 messore
831 2100 968 2160 sinistro.

246 2198 283 2257 fit
302 2200 431 2275 propior
450 2199 608 2275 strepitus,
632 2199 720 2259 nullo
741 2200 930 2272 moderante,
955 2200 1096 2258 rotarum

246 2298 376 2358 exitium
396 2300 594 2376 stragemque
614 2298 748 2372 minans,
773 2297 870 2356 simul
890 2298 1027 2375 undique
1048 2298 1166 2357 clamor

246 2396 375 2456 urbibus
395 2397 531 2456 incensis
546 2396 714 2456 hominum
734 2397 772 2455 fit
792 2396 860 2455 dira
880 2397 1072 2473 precantum,

248 2515 326 2571 quos
346 2495 411 2572 agit
431 2495 615 2554 innumeros
637 2496 717 2554 Orco
737 2494 888 2555 Volcania
907 2494 1012 2571 pestis.

244 2613 319 2652 mox
339 2593 426 2653 Iovis
446 2593 574 2653 advenit
593 2593 726 2669 plangor
744 2594 915 2670 productus
935 2594 974 2652 ad
994 2592 1131 2667 auris,-

245 2691 297 2752 ille
318 2693 412 2751 deum
432 2692 555 2753 medius
576 2694 667 2751 coetu
687 2691 831 2769 cingente
851 2692 1029 2766 sedebat,—

247 2791 323 2849 dum
344 2792 457 2867 stupet,
481 2811 530 2866 en,
554 2793 658 2851 aestus
678 2791 782 2849 subito
802 2790 891 2850 velut
911 2790 1012 2849 imbre
1033 2789 1160 2849 cadente

246 2892 371 2964 quassat
391 2889 590 2966 Olympiaoos
611 2889 737 2965 obliquo
756 2889 884 2948 verbere
904 2907 1020 2962 muros,

246 2988 352 3047 omnia
372 3008 434 3064 quo
454 2988 517 3048 late
536 2989 715 3049 fervescunt
728 2987 788 3047 icta
807 3006 930 3063 vapore,

245 3105 358 3145 aureus
379 3091 410 3145 et
431 3087 578 3163 splendor
597 3087 693 3148 vestit
713 3086 869 3163 laquearia
889 3085 972 3146 caeli.

243 3186 311 3244 tota
331 3185 550 3246 columnarum
570 3186 757 3246 densissima
778 3185 858 3244 silva
879 3184 1019 3261 refulget,

202 3272 205 3276 ’
245 3286 290 3358 ut,
313 3285 342 3344 si
361 3285 441 3344 forte
462 3305 574 3345 nemus
593 3287 717 3363 piceum
737 3285 968 3360 comprenderit
987 3284 1079 3361 ignis,

244 3386 346 3444 exstat
367 3404 505 3462 quaeque
526 3405 583 3446 suo
604 3384 794 3445 circumdata
815 3384 934 3444 lumine
955 3383 1058 3460 pinne.

1078 3514 1099 3547 J.
1112 3513 1137 3547 Y.
1148 3512 1168 3546 S.
