3028 4468
608 357 823 405 OXONIENSIS

257 1164 341 1238 Quae
363 1165 473 1225 deinde
495 1166 640 1226 intulerit
660 1166 752 1227 facies
772 1187 804 1226 se
825 1166 914 1241 mira,
939 1167 1009 1243 quis
1030 1168 1123 1226 audet

256 1261 380 1324 dicare?
415 1285 489 1323 nam
510 1264 606 1324 viridi
626 1264 790 1325 devolsum
812 1265 889 1324 collo
911 1265 1096 1325 barathrum

259 1362 455 1422 transversas
476 1363 577 1439 aperit
597 1363 700 1423 fauces
720 1364 881 1439 cedrisque
902 1363 1042 1423 minatur

255 1461 421 1538 adpositis:
450 1481 542 1538 asper
560 1462 632 1521 visu
652 1463 782 1539 diraque
802 1463 957 1522 verendus

256 1560 405 1637 religione
426 1560 521 1634 locus,
548 1561 680 1637 qualem,
705 1561 782 1620 dum
802 1561 961 1620 contrahit
982 1560 1065 1638 ignis

255 1660 400 1737 Cynthia,
425 1660 555 1719 desertis
574 1659 725 1735 implebat
746 1659 873 1719 vocibus
895 1659 963 1720 Ino.

256 1761 288 1816 at
308 1758 457 1818 barathro
477 1778 516 1817 ex
539 1758 611 1831 imo,
636 1757 725 1816 velut
747 1777 815 1816 acer
837 1757 996 1816 anhelitus
1017 1757 1118 1834 ipsam

255 1855 401 1915 tellurem
421 1859 513 1931 atque
536 1856 600 1915 imo
622 1859 746 1932 quasset
767 1855 950 1915 fundamine
972 1857 1087 1930 Manes,

254 1954 368 2014 emicat
387 1974 428 2013 en
450 1953 577 2028 rapidus
597 1954 732 2013 ferventi
752 1954 875 2030 gurgite
896 1956 1028 2018 terrena.

256 2073 312 2112 uec
330 2055 437 2112 tamen
455 2052 600 2112 adsidue:
622 2072 751 2129 spumas
769 2073 905 2129 namque
920 2055 1002 2113 inter
1018 2056 1050 2113 et
1067 2056 1189 2114 aestum

256 2151 386 2226 grandia
407 2170 480 2210 saxa
500 2150 609 2210 volant
620 2173 628 2225 ;
649 2151 693 2212 sio
714 2152 804 2211 tectis
825 2152 955 2211 horrida
975 2152 1101 2230 grande,

255 2249 300 2309 sic
321 2250 414 2308 tritae
435 2249 560 2322 saliunt,
585 2252 697 2326 urguet
719 2251 795 2309 dum
815 2271 947 2326 vannus,
971 2270 1094 2311 avenae.

255 2348 307 2407 hio
328 2348 390 2407 sibi
408 2368 465 2424 per
485 2348 603 2407 saltum
623 2351 656 2408 et
675 2348 842 2408 volitantia
862 2349 1018 2425 fragmina
1038 2350 1157 2409 montis

256 2447 375 2522 rumpit
395 2446 455 2505 iter
475 2447 592 2506 fluvius
613 2447 769 2523 sacrisque
789 2447 924 2506 elabitur
944 2448 1046 2507 undis.

256 2545 366 2605 deinde
386 2545 515 2604 brevem
535 2546 635 2605 vitam
656 2547 779 2621 rapiens
799 2566 928 2604 nemora
948 2546 1031 2605 inter
1051 2549 1083 2605 et
1103 2566 1193 2624 agros

255 2644 396 2720 implicat
417 2643 599 2703 innumeros
620 2664 714 2720 gyros
735 2664 923 2720 cursumque
943 2646 1093 2718 moratur,

255 2742 550 2820 nequiquam—iam
571 2743 644 2801 finis
664 2743 751 2802 adest
772 2742 932 2818 antrisque
954 2741 1143 2818 propinquat

254 2841 426 2915 immensis,
451 2841 618 2899 hominum
639 2841 721 2899 nulli
741 2860 819 2916 quae
840 2860 964 2899 cernere
986 2841 1033 2899 fas
1053 2844 1108 2914 est,

255 2939 491 3016 stagnantisque
512 2939 588 2998 adeo
609 2959 641 2998 sa
663 2938 802 2998 condidit
823 2958 955 3015 aequore
975 2939 1065 3014 ponti

255 3058 326 3098 cum
347 3038 471 3097 sonitu:
499 3040 532 3097 at
551 3038 643 3114 longe
664 3057 808 3097 resonare
830 3036 951 3096 audivit
971 3037 1071 3096 avitas

255 3137 377 3196 Aeneas
397 3157 498 3210 voces,
522 3140 642 3197 certum
663 3138 695 3195 et
716 3135 890 3212 praedicere
912 3136 1038 3195 bellum.

1146 3251 1171 3283 Δ.
1185 3249 1213 3282 H.
