3018 4478
615 355 831 404 OXONIENSIS

672 589 774 632 xxx1v

223 683 305 760 Ergo
324 683 386 744 iter
405 681 584 760 impavidus
604 687 789 763 noctemque
809 685 939 762 impune
959 705 1161 762 peromnem

221 789 398 867 insequitur
417 790 534 868 latique
555 791 630 869 fuga
650 794 734 852 secat
754 811 887 869 aequora
909 792 1019 869 campi,

221 897 322 956 excita
343 898 420 958 dum
439 898 569 961 tandem
589 898 906 961 circumvolventibus
927 898 1014 958 horis

222 1024 332 1064 aurora
350 1005 509 1066 excutitur
528 1005 649 1065 somnis
670 1007 703 1066 et
723 1006 859 1066 claustra
879 1004 940 1065 diei

222 1110 276 1170 dat
295 1130 383 1172 rosea
403 1113 539 1172 reserata
558 1132 664 1174 manu.
710 1112 860 1190 genitoris
880 1111 916 1170 in
937 1111 1000 1170 0110

221 1220 329 1278 monte
348 1218 426 1278 latet
445 1237 556 1296 specus
575 1221 608 1279 et
628 1218 700 1279 solii
720 1218 855 1279 confinia
875 1217 984 1295 tangit,

220 1345 282 1401 qua
302 1345 425 1402 semper
445 1325 501 1386 lux
519 1325 615 1404 inque
635 1327 738 1388 vicem
759 1326 902 1404 caliginis
922 1326 1035 1385 umbra

222 1432 298 1492 dant
318 1432 506 1509 capiuntque
527 1434 648 1495 locum:
670 1438 854 1512 noctemque
874 1434 999 1494 imitata
1019 1433 1162 1509 diemque

221 1560 327 1600 rerum
347 1541 520 1602 alternatur
538 1543 655 1619 species
674 1545 856 1620 mutataque
877 1542 999 1620 gaudet.

191 1635 193 1639 ¹
219 1649 278 1707 hae
299 1647 353 1707 lux
372 1648 531 1726 egreditur
550 1651 648 1726 porta,
672 1649 769 1710 simul
790 1650 920 1726 occupat
940 1649 1028 1709 illam

221 1755 327 1832 caliga,
351 1774 501 1833 superum
520 1755 604 1815 iusto
626 1756 703 1816 dum
723 1758 862 1833 tempore
883 1757 971 1816 sedes

221 1863 381 1936 obscuret3
407 1863 461 1923 sed
481 1862 568 1922 enim
588 1862 665 1923 caeli
685 1863 896 1924 sublustribus
916 1863 1037 1923 umbris

219 1968 344 2029 velatur
362 1967 454 2029 facies
475 1972 507 2031 et
527 1974 634 2030 nostra
655 1971 836 2048 crepuscula
855 1970 997 2047 praefert.

260 2076 384 2153 iamque
400 2077 564 2138 incedebat
585 2096 731 2154 supremo
752 2077 853 2155 qualis
874 2077 1009 2154 Olympo

220 2183 345 2245 Lucifer
363 2186 395 2244 et
415 2185 553 2245 flammis
573 2204 711 2262 aureque
731 2186 859 2246 ardente
879 2184 1039 2261 refulgens

220 2290 390 2367 dispulerat
411 2291 505 2351 radiis
525 2292 605 2353 fixas
626 2292 806 2354 Orientibus
827 2293 955 2352 umbras
966 2313 975 2367 ;

219 2397 338 2475 fulgida
358 2400 429 2458 tum
449 2398 555 2458 densis
574 2399 642 2459 sola
662 2399 727 2459 lata
747 2401 875 2477 repente
896 2399 1029 2459 catervis

221 2525 390 2582 currusque
410 2506 442 2565 et
461 2504 581 2583 biiuges
601 2505 698 2565 simul
717 2525 805 2566 arma
824 2505 983 2566 vomentia
1003 2505 1146 2564 flammas

220 2614 368 2688 apparent
389 2610 487 2671 oculis
508 2611 651 2689 ignisque
671 2631 711 2671 ex
730 2610 803 2688 igne
823 2611 983 2686 relucens3

219 2717 339 2777 bellum
359 2717 394 2778 in
414 2717 576 2795 procinctu
596 2717 703 2792 sensit,
726 2721 901 2795 notumque
922 2717 1005 2794 quod
1025 2716 1092 2793 ipse

220 2824 391 2885 crediderat
411 2844 443 2885 se
463 2824 543 2884 ferre
563 2844 690 2884 novum.
732 2823 853 2884 socium
872 2823 944 2885 inde
959 2843 1020 2900 per
1040 2842 1132 2882 auras

219 2931 315 2992 infert
335 2909 368 2992 se
389 2931 481 2993 sociis
501 2934 595 3009 atque
616 2929 742 3009 agmina
760 2930 872 3009 iungit.
914 2932 947 2991 at
967 2929 1014 2989 illi

220 3039 353 3098 clamore
373 3038 533 3115 excipiunt
553 3039 697 3099 reducem
718 3038 915 3115 gaudentque
934 3038 1076 3109 tuentes;

218 3144 304 3203 hunc
325 3143 364 3202 de
384 3145 433 3203 tot
451 3144 555 3221 lapsis,
579 3143 665 3203 hunc
685 3164 786 3204 unum
806 3143 922 3220 sospite
942 3162 1036 3202 cursu

217 3249 408 3310 incolumem
429 3249 557 3310 rediisse
577 3251 693 3310 tamen.
735 3249 780 3309 sie
801 3249 912 3309 deinde
933 3252 1108 3311 merentem

219 3355 296 3415 00110
317 3358 409 3415 1011118
429 3374 518 3415 80010
539 3375 741 3432 summaeque
762 3355 801 3414 ad
822 3354 934 3415 limina
955 3356 1036 3416 sedis

219 3461 400 3537 perducunt,
424 3463 507 3523 unde
528 3482 545 3522 e
567 3462 660 3522 nubis
679 3461 891 3538 penetralibus
912 3482 1022 3523 aureae

219 3568 339 3629 reddita
359 3588 421 3632 vex
440 3569 658 3646 placidumque
678 3588 794 3629 sonans
814 3568 961 3629 allabitur
981 3569 1073 3631 auris.

1079 3696 1104 3733 F.
1116 3696 1151 3732 DE
1162 3697 1186 3734 P.
