3028 4468
609 324 824 373 OXONIENSIS

664 825 766 866 omn

350 920 403 1001 Μή
423 946 475 1000 μοι
496 921 602 1004 λόγοις
624 925 791 1006 ψυχροῖσιν
813 919 851 1001 ἣν
873 921 934 1003 ἔχω
957 926 1068 1003 φρενὸς

350 1022 476 1103 εἰκάζεθ’
498 1025 600 1108 ὁρμήν·
630 1026 664 1090 οὐ
685 1025 840 1108 γυναικεία
860 1023 942 1109 μάχη

352 1129 418 1193 οὐδὲ
440 1130 611 1212 στομάργον
635 1131 776 1211 πικρότης
797 1129 1017 1211 γλωσσαλγίας

351 1234 436 1312 δίκην
457 1233 622 1314 βραβεύειν
644 1232 711 1312 ἀξία
733 1232 896 1314 γενήσεται

352 1337 407 1415 τὴν
429 1341 481 1401 νῦν
503 1339 536 1400 ἐν
558 1337 637 1417 ἡμῖν·
661 1337 700 1403 ὧς
724 1338 840 1414 ζέοντος
862 1338 986 1415 αἵματος

353 1447 490 1519 τομῶντα
512 1445 605 1521 θυμὸν
628 1443 774 1520 ἐκβολαῖς
798 1439 907 1504 ἐατέον.

354 1543 424 1605 ἀλλ’
446 1544 481 1606 οὐ
503 1543 560 1626 γάρ
583 1546 643 1626 εἰμι
666 1544 769 1628 πρᾷος,
794 1543 865 1607 ὥστ’
890 1544 980 1626 ὀργῆς
1002 1543 1073 1606 ἄνευ

354 1652 450 1713 κακῶς
473 1647 604 1713 ἀκούσας
625 1649 717 1726 μηδὲν
740 1649 900 1712 ἀντειπεῖν·
930 1644 995 1710 ἐπεὶ

354 1752 381 1814 εἰ
404 1753 459 1829 σῆς
481 1750 530 1815 ὑπ’
555 1754 655 1817 αἰδοῦς
676 1751 717 1830 μὴ
741 1751 932 1833 κατειχόμην,
954 1749 1041 1829 ἄναξ,

353 1854 475 1936 λόγοισι
495 1853 520 1918 δ’
543 1853 613 1934 ἐξῆν
634 1854 721 1934 ἡνίας
744 1858 930 1935 ἐλευθεροῦν,

354 1956 504 2037 πλήθουσ’
527 1956 565 2021 ἂν
587 1958 666 2039 ἔρρει
688 1964 828 2040 γλῶσσα,
853 1957 1003 2022 κᾶδιῶκετ’
1027 1956 1065 2021 ἂν

356 2058 400 2128 δὶς
422 2062 533 2142 μείζον’
557 2062 641 2128 οὗτος
664 2062 699 2141 ἧς
722 2064 781 2142 ἐγὼ
804 2062 907 2145 φεύγω
929 2059 1061 2144 γραφήν.

356 2171 409 2229 νῦν
431 2166 456 2229 δ’
479 2165 603 2242 αἵματός
624 2191 674 2245 μοι
698 2167 780 2245 πλὴν
802 2167 877 2230 ὅσον
899 2169 1073 2246 τυραννικοῦ

355 2269 490 2349 πέφυκεν
512 2269 586 2349 ἁνὴρ
609 2271 650 2353 τῷ
669 2269 694 2332 δ’
709 2268 813 2333 ἄνακτι
836 2268 996 2352 συγγενής,

355 2372 502 2438 ἇπέπτνσ’
526 2373 624 2448 αὐτόν,
647 2379 736 2452 μῦσος
759 2375 904 2455 ἔχθιστον
926 2381 1016 2448 καλῶ,

357 2478 468 2553 δειλόν,
491 2481 669 2558 πανοῦργον,
692 2475 840 2555 διάβολον
861 2478 1020 2558 μιάστορα·

358 2578 406 2643 καὶ
428 2581 525 2644 τοῖσδ’
548 2581 637 2660 ὁμοῐά
658 2579 687 2662 γ’
710 2581 799 2645 αῦτὸν
822 2580 963 2646 ἀντιστὰς
986 2577 1050 2660 δορὶ

357 2688 430 2764 δρῦν
453 2683 509 2764 εἰμ’
534 2688 661 2763 ἑτοῖμος,
684 2685 727 2749 εἶς
751 2682 776 2747 δ’
798 2684 835 2747 ἂν
858 2682 924 2747 ἀντὶ
946 2684 1097 2748 πλειόνων

358 2789 556 2868 ε’ναντιοίμην,
580 2790 625 2851 κεί
648 2786 708 2850 δέοι
730 2787 761 2865 μ’
784 2788 954 2869 ὁδοιπορεῖν

359 2889 663 2971 κρυσταλλοπήκτοιις
681 2887 825 2955 Ἀλπεων
846 2890 960 2972 πάγους
984 2890 1044 2967 ἔτι,

358 2989 377 3071 ἢ
399 2998 488 3074 γαῖαν
511 2992 609 3071 ἄλλην
632 2996 661 3059 εἴ
681 2994 736 3059 τιν’
759 2992 944 3073 ἆξενωτέραν

359 3102 496 3177 τολμῶσι
517 3100 572 3178 γῆς
593 3095 677 3173 τῆσδ’
698 3097 803 3177 ἄνδρες
825 3099 956 3178 ἐμβῆναι
979 3099 1059 3161 ποδί·

359 3201 412 3277 τῆς
434 3205 509 3281 πρὸς
532 3202 568 3263 σέ
590 3197 616 3264 δ’
638 3203 667 3263 εἴ
686 3200 716 3279 μ’
738 3201 784 3281 ἄρ’
808 3204 932 3284 ἐγκαλεῖ
953 3203 1093 3279 πίστεως,
1115 3201 1198 3281 ἄναξ,

359 3303 453 3370 οὕτως
476 3304 603 3384 ὀναίμην
625 3306 748 3380 θεοῖσιν,
771 3305 810 3372 ὡς
831 3307 929 3387 ψευδῆ
951 3305 1045 3388 λέγει.

1128 3425 1154 3459 Δ.
1165 3424 1193 3460 D.
1205 3425 1230 3459 G.
