3028 4468
615 346 829 395 OXONIENSIS

646 1214 763 1255 CLXXIV

224 1311 335 1371 Fessus
357 1311 412 1371 ubi
431 1311 465 1370 in
484 1312 627 1387 plumam
648 1310 779 1370 demitto
799 1303 951 1386 ternpore,
974 1309 1068 1369 fletus

263 1410 321 1469 hos
342 1409 487 1486 geminus
506 1409 616 1468 Mortis
637 1409 744 1485 dirigit
763 1410 830 1485 ipse
852 1409 957 1484 Sopor.

224 1509 290 1583 ipse
312 1508 410 1584 Sopor
431 1509 590 1583 geminam
611 1508 711 1567 nescit
732 1527 913 1584 cognoscere
934 1507 1087 1566 Moriem:

264 1626 320 1665 nec
340 1605 421 1664 mihi
441 1626 497 1682 per
517 1625 646 1665 somnos
666 1608 702 1665 111
723 1606 850 1682 periisse
871 1607 969 1681 potes·

224 1704 313 1777 vivis,
337 1707 369 1763 01
389 1705 535 1764 incedens
556 1707 660 1763 tecum
681 1724 746 1762 non
768 1703 832 1765 sola
852 1724 977 1779 pererro

265 1803 330 1862 iam
350 1804 425 1877 loca,
448 1803 501 1862 sed
522 1802 620 1862 laetas
640 1821 709 1861 rore
730 1804 853 1861 recente
874 1801 961 1876 vies;

224 1905 261 1961 111
282 1921 355 1961 cum
375 1921 462 1960 more
484 1900 578 1960 iubae
598 1899 689 1959 nobis
709 1913 792 1959 nove
812 1900 909 1960 fiabra
929 1898 1048 1960 Favoni

265 2020 356 2059 mene
376 1999 568 2059 refulsurum
589 1998 785 2074 praecinuere
805 1998 896 2058 diem.

226 2099 278 2158 sed
300 2098 374 2174 quid
396 2097 577 2173 conspicio?
603 2096 706 2156 media
728 2097 811 2156 111101
831 2097 941 2173 gaudia
961 2096 1058 2155 miror

266 2197 370 2256 nescio
391 2196 467 2271 quid
489 2197 597 2255 vultus
618 2196 784 2255 sollicitare
806 2199 884 2256 tuos,

227 2299 292 2372 ipse
313 2297 420 2357 dolens
441 2294 551 2354 dubito
573 2314 650 2370 quae
672 2293 713 2353 sit
735 2295 817 2353 mihi
838 2314 946 2353 caussa
966 2293 1096 2353 doloris:

267 2415 322 2454 nec
341 2414 470 2471 possum
492 2393 610 2453 somnis
631 2393 745 2453 certior
765 2413 831 2452 esse
853 2393 940 2453 meis.

228 2496 301 2552 ante
321 2495 428 2552 tamen
448 2511 573 2568 campos
594 2511 688 2567 quem
710 2491 834 2566 linquet
855 2490 964 2551 clauda
985 2490 1111 2550 novales

267 2591 391 2667 excitor,
413 2595 446 2650 01
466 2589 569 2665 didici,
592 2590 674 2665 quod
696 2588 838 2649 didicisse
859 2607 989 2663 querer3

227 2690 343 2750 scilicet
364 2692 449 2749 hunc
469 2692 606 2750 veterem
628 2689 737 2748 nostro
758 2686 817 2745 sub
836 2688 959 2762 pectore
979 2686 1099 2744 luctum

268 2788 439 2848 intulerant
461 2787 558 2847 oculis
579 2786 699 2846 somnia
719 2804 799 2846 vana
819 2784 891 2844 iuis.

1082 2893 1107 2925 R.
1120 2892 1153 2925 W.
1167 2892 1192 2925 R.
