<?xml version="1.0" encoding="UTF-8"?>
<!DOCTYPE html PUBLIC "-//W3C//DTD XHTML 1.0 Transitional//EN"
    "http://www.w3.org/TR/xhtml1/DTD/xhtml1-transitional.dtd">
<html xmlns="http://www.w3.org/1999/xhtml" xml:lang="en" lang="en">
 <head>
  <title>
</title>
<meta http-equiv="Content-Type" content="text/html;charset=utf-8" />
  <meta name='ocr-system' content='tesseract 3.04.00' />
  <meta name='ocr-capabilities' content='ocr_page ocr_carea ocr_par ocr_line ocrx_word'/>
</head>
<body>
  <div class='ocr_page' id='page_1' title='image "./novaanthologiao02godlgoog_0064.png"; bbox 0 0 3018 4478; ppageno 0'>
   <div class='ocr_carea' id='block_1_1' title="bbox 609 322 827 373">
    <p class='ocr_par' dir='ltr' id='par_1_1' title="bbox 609 322 827 373">
     <span class='ocr_line' id='line_1_1' title="bbox 609 322 827 373; baseline 0.014 -3"><span class='ocrx_word' id='word_1_1' title='bbox 609 322 827 373; x_wconf 86' lang='lat' dir='ltr'>OXONIENSIS</span> 
     </span>
    </p>
   </div>
   <div class='ocr_carea' id='block_1_2' title="bbox 667 784 760 826">
    <p class='ocr_par' dir='ltr' id='par_1_2' title="bbox 667 784 760 826">
     <span class='ocr_line' id='line_1_2' title="bbox 667 784 760 826; baseline -0.011 0"><span class='ocrx_word' id='word_1_2' title='bbox 667 784 760 826; x_wconf 82' lang='lat' dir='ltr'>XXVII</span> 
     </span>
    </p>
   </div>
   <div class='ocr_carea' id='block_1_3' title="bbox 305 878 1089 1064">
    <p class='ocr_par' dir='ltr' id='par_1_3' title="bbox 305 878 1089 1064">
     <span class='ocr_line' id='line_1_3' title="bbox 341 878 1029 963; baseline -0.001 -19"><span class='ocrx_word' id='word_1_3' title='bbox 341 885 524 962; x_wconf 87' lang='grc' dir='ltr'>Τυραννικδν</span> <span class='ocrx_word' id='word_1_4' title='bbox 545 878 608 946; x_wconf 92' lang='grc' dir='ltr'>τόδ’</span> <span class='ocrx_word' id='word_1_5' title='bbox 631 880 721 963; x_wconf 89' lang='grc' dir='ltr'>ἔργον</span> <span class='ocrx_word' id='word_1_6' title='bbox 744 883 901 963; x_wconf 74' lang='grc' dir='ltr'>εἴργασται</span> <span class='ocrx_word' id='word_1_7' title='bbox 924 880 1029 962; x_wconf 88' lang='grc' dir='ltr'>φόνου,</span> 
     </span>
     <span class='ocr_line' id='line_1_4' title="bbox 305 977 1089 1064; baseline 0.005 -23"><span class='ocrx_word' id='word_1_8' title='bbox 305 1034 309 1041; x_wconf 93' lang='grc'>.</span> <span class='ocrx_word' id='word_1_9' title='bbox 342 980 445 1048; x_wconf 81' lang='grc' dir='ltr'>ἄλλως</span> <span class='ocrx_word' id='word_1_10' title='bbox 467 981 523 1059; x_wconf 76' lang='grc' dir='ltr'>μὲν</span> <span class='ocrx_word' id='word_1_11' title='bbox 546 979 599 1044; x_wconf 75' lang='grc' dir='ltr'>οὖν</span> <span class='ocrx_word' id='word_1_12' title='bbox 621 980 774 1064; x_wconf 79' lang='grc' dir='ltr'>ἔχθιστον,</span> <span class='ocrx_word' id='word_1_13' title='bbox 798 979 848 1047; x_wconf 84' lang='grc' dir='ltr'>οθς</span> <span class='ocrx_word' id='word_1_14' title='bbox 871 977 895 1044; x_wconf 88' lang='grc' dir='ltr'>δ’</span> <span class='ocrx_word' id='word_1_15' title='bbox 919 979 1089 1060; x_wconf 75' lang='grc' dir='ltr'>ἀπέθρισεν,</span> 
     </span>
    </p>
   </div>
   <div class='ocr_carea' id='block_1_4' title="bbox 336 1082 1116 3343">
    <p class='ocr_par' dir='ltr' id='par_1_4' title="bbox 342 1082 970 1166">
     <span class='ocr_line' id='line_1_5' title="bbox 342 1082 970 1166; baseline 0.002 -19"><span class='ocrx_word' id='word_1_16' title='bbox 342 1084 490 1166; x_wconf 81' lang='grc' dir='ltr'>ἄλγιστον</span> <span class='ocrx_word' id='word_1_17' title='bbox 513 1087 605 1149; x_wconf 78' lang='grc' dir='ltr'>ἐλθὸν</span> <span class='ocrx_word' id='word_1_18' title='bbox 627 1086 669 1149; x_wconf 84' lang='grc' dir='ltr'>ὧν</span> <span class='ocrx_word' id='word_1_19' title='bbox 691 1082 826 1164; x_wconf 79' lang='grc' dir='ltr'>ξθνοιδευ</span> <span class='ocrx_word' id='word_1_20' title='bbox 847 1084 902 1164; x_wconf 85' lang='grc' dir='ltr'>ἥδε</span> <span class='ocrx_word' id='word_1_21' title='bbox 923 1087 970 1165; x_wconf 77' lang='grc' dir='ltr'>γῆ.</span> 
     </span>
    </p>

    <p class='ocr_par' dir='ltr' id='par_1_5' title="bbox 340 1188 1116 1995">
     <span class='ocr_line' id='line_1_6' title="bbox 341 1188 999 1272; baseline 0.008 -22"><span class='ocrx_word' id='word_1_22' title='bbox 341 1190 371 1251; x_wconf 85' lang='grc' dir='ltr'>οἱ</span> <span class='ocrx_word' id='word_1_23' title='bbox 392 1191 451 1271; x_wconf 87' lang='grc' dir='ltr'>γδρ</span> <span class='ocrx_word' id='word_1_24' title='bbox 472 1192 638 1272; x_wconf 84' lang='grc' dir='ltr'>πανοῦργοι</span> <span class='ocrx_word' id='word_1_25' title='bbox 661 1191 710 1254; x_wconf 86' lang='grc' dir='ltr'>καὶ</span> <span class='ocrx_word' id='word_1_26' title='bbox 731 1188 891 1269; x_wconf 91' lang='grc' dir='ltr'>μιαιφόνοι</span> <span class='ocrx_word' id='word_1_27' title='bbox 914 1188 999 1255; x_wconf 86' lang='grc' dir='ltr'>κόνες</span> 
     </span>
     <span class='ocr_line' id='line_1_7' title="bbox 342 1289 1052 1377; baseline 0.003 -22"><span class='ocrx_word' id='word_1_28' title='bbox 342 1290 392 1359; x_wconf 81' lang='grc' dir='ltr'>οθς</span> <span class='ocrx_word' id='word_1_29' title='bbox 415 1291 450 1372; x_wconf 74' lang='grc' dir='ltr'>δὴ</span> <span class='ocrx_word' id='word_1_30' title='bbox 472 1289 517 1358; x_wconf 80' lang='grc' dir='ltr'>’πὶ</span> <span class='ocrx_word' id='word_1_31' title='bbox 539 1290 620 1373; x_wconf 81' lang='grc' dir='ltr'>τήνδ’</span> <span class='ocrx_word' id='word_1_32' title='bbox 644 1293 771 1357; x_wconf 75' lang='grc' dir='ltr'>ἔστειλα</span> <span class='ocrx_word' id='word_1_33' title='bbox 792 1296 932 1373; x_wconf 78' lang='grc' dir='ltr'>δυσσεβῆ</span> <span class='ocrx_word' id='word_1_34' title='bbox 954 1290 1052 1377; x_wconf 81' lang='grc' dir='ltr'>χάριν,</span> 
     </span>
     <span class='ocr_line' id='line_1_8' title="bbox 342 1393 1116 1477; baseline 0.003 -19"><span class='ocrx_word' id='word_1_35' title='bbox 342 1393 391 1460; x_wconf 83' lang='grc' dir='ltr'>καὶ</span> <span class='ocrx_word' id='word_1_36' title='bbox 414 1394 496 1477; x_wconf 85' lang='grc' dir='ltr'>κάρτ’</span> <span class='ocrx_word' id='word_1_37' title='bbox 519 1397 653 1475; x_wconf 76' lang='grc' dir='ltr'>ἐλεινῶς,</span> <span class='ocrx_word' id='word_1_38' title='bbox 675 1394 803 1463; x_wconf 81' lang='grc' dir='ltr'>θόνατον</span> <span class='ocrx_word' id='word_1_39' title='bbox 825 1395 973 1462; x_wconf 83' lang='grc' dir='ltr'>οὐδῶντες</span> <span class='ocrx_word' id='word_1_40' title='bbox 995 1394 1116 1472; x_wconf 85' lang='grc' dir='ltr'>τέιινιυυ,</span> 
     </span>
     <span class='ocr_line' id='line_1_9' title="bbox 340 1498 1039 1583; baseline 0.004 -19"><span class='ocrx_word' id='word_1_41' title='bbox 340 1498 483 1581; x_wconf 81' lang='grc' dir='ltr'>δάκρυσιν</span> <span class='ocrx_word' id='word_1_42' title='bbox 506 1500 618 1581; x_wconf 88' lang='grc' dir='ltr'>ἔφυρον</span> <span class='ocrx_word' id='word_1_43' title='bbox 638 1499 738 1565; x_wconf 79' lang='grc' dir='ltr'>πάντα</span> <span class='ocrx_word' id='word_1_44' title='bbox 761 1500 809 1564; x_wconf 82' lang='grc' dir='ltr'>καὶ</span> <span class='ocrx_word' id='word_1_45' title='bbox 831 1502 915 1583; x_wconf 93' lang='grc' dir='ltr'>γόοις</span> <span class='ocrx_word' id='word_1_46' title='bbox 937 1500 1039 1582; x_wconf 81' lang='grc' dir='ltr'>λόγον.</span> 
     </span>
     <span class='ocr_line' id='line_1_10' title="bbox 341 1601 1029 1687; baseline 0 -21"><span class='ocrx_word' id='word_1_47' title='bbox 341 1605 357 1666; x_wconf 87' lang='grc' dir='ltr'>ὁ</span> <span class='ocrx_word' id='word_1_48' title='bbox 379 1604 435 1682; x_wconf 81' lang='grc' dir='ltr'>μὲν</span> <span class='ocrx_word' id='word_1_49' title='bbox 456 1605 515 1686; x_wconf 81' lang='grc' dir='ltr'>γὰρ</span> <span class='ocrx_word' id='word_1_50' title='bbox 536 1601 649 1687; x_wconf 83' lang='grc' dir='ltr'>ἤρχεθ’,</span> <span class='ocrx_word' id='word_1_51' title='bbox 673 1601 778 1684; x_wconf 81' lang='grc' dir='ltr'>ότερος</span> <span class='ocrx_word' id='word_1_52' title='bbox 800 1602 826 1668; x_wconf 82' lang='grc' dir='ltr'>δ’</span> <span class='ocrx_word' id='word_1_53' title='bbox 848 1601 1029 1685; x_wconf 81' lang='grc' dir='ltr'>ὑφήρπασεν</span> 
     </span>
     <span class='ocr_line' id='line_1_11' title="bbox 340 1705 1020 1789; baseline 0.004 -20"><span class='ocrx_word' id='word_1_54' title='bbox 340 1705 449 1789; x_wconf 81' lang='grc' dir='ltr'>λέγων,</span> <span class='ocrx_word' id='word_1_55' title='bbox 472 1708 585 1772; x_wconf 84' lang='grc' dir='ltr'>ἔκειντο</span> <span class='ocrx_word' id='word_1_56' title='bbox 607 1706 633 1771; x_wconf 88' lang='grc' dir='ltr'>δ’</span> <span class='ocrx_word' id='word_1_57' title='bbox 656 1705 706 1772; x_wconf 84' lang='grc' dir='ltr'>ὧδ’</span> <span class='ocrx_word' id='word_1_58' title='bbox 728 1705 773 1786; x_wconf 73' lang='grc' dir='ltr'>ἄρ’</span> <span class='ocrx_word' id='word_1_59' title='bbox 797 1708 827 1771; x_wconf 83' lang='grc' dir='ltr'>οί</span> <span class='ocrx_word' id='word_1_60' title='bbox 850 1711 1020 1789; x_wconf 87' lang='grc' dir='ltr'>νεοτρεφεῖς</span> 
     </span>
     <span class='ocr_line' id='line_1_12' title="bbox 341 1807 990 1893; baseline 0.002 -20"><span class='ocrx_word' id='word_1_61' title='bbox 341 1807 433 1891; x_wconf 83' lang='grc' dir='ltr'>ἆβροὶ</span> <span class='ocrx_word' id='word_1_62' title='bbox 455 1811 589 1886; x_wconf 87' lang='grc' dir='ltr'>νεοσσοί,</span> <span class='ocrx_word' id='word_1_63' title='bbox 613 1812 712 1893; x_wconf 81' lang='grc' dir='ltr'>πῆχυν</span> <span class='ocrx_word' id='word_1_64' title='bbox 734 1808 880 1890; x_wconf 81' lang='grc' dir='ltr'>ἀλλήλοιν</span> <span class='ocrx_word' id='word_1_65' title='bbox 901 1808 990 1891; x_wconf 75' lang='grc' dir='ltr'>πέριξ</span> 
     </span>
     <span class='ocr_line' id='line_1_13' title="bbox 340 1912 961 1995; baseline 0.003 -19"><span class='ocrx_word' id='word_1_66' title='bbox 340 1912 449 1995; x_wconf 85' lang='grc' dir='ltr'>χέαντε</span> <span class='ocrx_word' id='word_1_67' title='bbox 470 1913 588 1992; x_wconf 88' lang='grc' dir='ltr'>λευκόν,</span> <span class='ocrx_word' id='word_1_68' title='bbox 610 1915 725 1995; x_wconf 73' lang='grc' dir='ltr'>θσεβές</span> <span class='ocrx_word' id='word_1_69' title='bbox 748 1913 834 1978; x_wconf 74' lang='grc' dir='ltr'>οὐδὲν</span> <span class='ocrx_word' id='word_1_70' title='bbox 855 1914 961 1978; x_wconf 89' lang='grc' dir='ltr'>είδότε.</span> 
     </span>
    </p>

    <p class='ocr_par' dir='ltr' id='par_1_6' title="bbox 336 2016 1085 3343">
     <span class='ocr_line' id='line_1_14' title="bbox 340 2016 1053 2100; baseline 0 -20"><span class='ocrx_word' id='word_1_71' title='bbox 340 2016 389 2082; x_wconf 82' lang='grc' dir='ltr'>καὶ</span> <span class='ocrx_word' id='word_1_72' title='bbox 411 2018 470 2098; x_wconf 74' lang='grc' dir='ltr'>μὴν</span> <span class='ocrx_word' id='word_1_73' title='bbox 490 2018 528 2084; x_wconf 84' lang='grc' dir='ltr'>τὰ</span> <span class='ocrx_word' id='word_1_74' title='bbox 551 2019 650 2100; x_wconf 89' lang='grc' dir='ltr'>χείλη,</span> <span class='ocrx_word' id='word_1_75' title='bbox 672 2016 797 2099; x_wconf 80' lang='grc' dir='ltr'>τέσσαρ’</span> <span class='ocrx_word' id='word_1_76' title='bbox 818 2019 851 2082; x_wconf 84' lang='grc' dir='ltr'>ἔκ</span> <span class='ocrx_word' id='word_1_77' title='bbox 873 2022 957 2082; x_wconf 91' lang='grc' dir='ltr'>δυοῖν</span> <span class='ocrx_word' id='word_1_78' title='bbox 979 2019 1053 2096; x_wconf 87' lang='grc' dir='ltr'>όμοῦ</span> 
     </span>
     <span class='ocr_line' id='line_1_15' title="bbox 339 2118 1000 2204; baseline 0.003 -21"><span class='ocrx_word' id='word_1_79' title='bbox 339 2118 485 2202; x_wconf 81' lang='grc' dir='ltr'>πεφυκόθ</span> <span class='ocrx_word' id='word_1_80' title='bbox 507 2122 610 2203; x_wconf 83' lang='grc' dir='ltr'>ὥσπερ</span> <span class='ocrx_word' id='word_1_81' title='bbox 632 2119 669 2201; x_wconf 83' lang='grc' dir='ltr'>ἔξ</span> <span class='ocrx_word' id='word_1_82' title='bbox 689 2124 756 2187; x_wconf 86' lang='grc' dir='ltr'>ἑνδς</span> <span class='ocrx_word' id='word_1_83' title='bbox 779 2125 894 2187; x_wconf 86' lang='grc' dir='ltr'>κλωνδς</span> <span class='ocrx_word' id='word_1_84' title='bbox 915 2120 1000 2204; x_wconf 82' lang='grc' dir='ltr'>ῥόδα,</span> 
     </span>
     <span class='ocr_line' id='line_1_16' title="bbox 339 2222 1020 2307; baseline 0.003 -20"><span class='ocrx_word' id='word_1_85' title='bbox 339 2224 440 2304; x_wconf 79' lang='grc' dir='ltr'>θερινὴ</span> <span class='ocrx_word' id='word_1_86' title='bbox 464 2223 591 2307; x_wconf 80' lang='grc' dir='ltr'>ξυνῆγεν</span> <span class='ocrx_word' id='word_1_87' title='bbox 613 2226 653 2291; x_wconf 82' lang='grc' dir='ltr'>ὥς</span> <span class='ocrx_word' id='word_1_88' title='bbox 675 2250 721 2292; x_wconf 90' lang='grc' dir='ltr'>τις</span> <span class='ocrx_word' id='word_1_89' title='bbox 743 2222 780 2304; x_wconf 82' lang='grc' dir='ltr'>ἔξ</span> <span class='ocrx_word' id='word_1_90' title='bbox 799 2226 912 2306; x_wconf 79' lang='grc' dir='ltr'>ἀμφοῖν</span> <span class='ocrx_word' id='word_1_91' title='bbox 934 2223 1020 2304; x_wconf 85' lang='grc' dir='ltr'>πνοή.</span> 
     </span>
     <span class='ocr_line' id='line_1_17' title="bbox 340 2325 981 2410; baseline 0.003 -19"><span class='ocrx_word' id='word_1_92' title='bbox 340 2325 377 2406; x_wconf 78' lang='grc' dir='ltr'>ἦν</span> <span class='ocrx_word' id='word_1_93' title='bbox 399 2328 425 2393; x_wconf 90' lang='grc' dir='ltr'>δ’</span> <span class='ocrx_word' id='word_1_94' title='bbox 447 2327 500 2392; x_wconf 76' lang='grc' dir='ltr'>οὖν</span> <span class='ocrx_word' id='word_1_95' title='bbox 523 2332 587 2392; x_wconf 79' lang='grc' dir='ltr'>ἐκεῖ</span> <span class='ocrx_word' id='word_1_96' title='bbox 605 2355 651 2395; x_wconf 91' lang='grc' dir='ltr'>τις</span> <span class='ocrx_word' id='word_1_97' title='bbox 673 2329 806 2408; x_wconf 84' lang='grc' dir='ltr'>πλησίον</span> <span class='ocrx_word' id='word_1_98' title='bbox 828 2327 981 2410; x_wconf 85' lang='grc' dir='ltr'>παρηίδων</span> 
     </span>
     <span class='ocr_line' id='line_1_18' title="bbox 338 2429 1058 2516; baseline 0.006 -23"><span class='ocrx_word' id='word_1_99' title='bbox 338 2431 455 2512; x_wconf 81' lang='grc' dir='ltr'>βίβλος</span> <span class='ocrx_word' id='word_1_100' title='bbox 477 2438 663 2516; x_wconf 82' lang='grc' dir='ltr'>προσευχῶν,</span> <span class='ocrx_word' id='word_1_101' title='bbox 684 2429 703 2512; x_wconf 74' lang='grc' dir='ltr'>ἦ</span> <span class='ocrx_word' id='word_1_102' title='bbox 727 2432 839 2514; x_wconf 91' lang='grc' dir='ltr'>σχεδόν</span> <span class='ocrx_word' id='word_1_103' title='bbox 860 2434 891 2496; x_wconf 86' lang='grc' dir='ltr'>τί</span> <span class='ocrx_word' id='word_1_104' title='bbox 911 2457 962 2510; x_wconf 88' lang='grc' dir='ltr'>μοι</span> <span class='ocrx_word' id='word_1_105' title='bbox 985 2430 1058 2497; x_wconf 80' lang='grc' dir='ltr'>τέως</span> 
     </span>
     <span class='ocr_line' id='line_1_19' title="bbox 338 2533 1005 2617; baseline 0.001 -18"><span class='ocrx_word' id='word_1_106' title='bbox 338 2536 459 2617; x_wconf 78' lang='grc' dir='ltr'>γνώμην</span> <span class='ocrx_word' id='word_1_107' title='bbox 482 2535 618 2617; x_wconf 80' lang='grc' dir='ltr'>ἔτρεψεν·</span> <span class='ocrx_word' id='word_1_108' title='bbox 649 2535 719 2598; x_wconf 80' lang='grc' dir='ltr'>ἀλλ’</span> <span class='ocrx_word' id='word_1_109' title='bbox 742 2536 843 2616; x_wconf 77' lang='grc' dir='ltr'>ἀραῖος</span> <span class='ocrx_word' id='word_1_110' title='bbox 865 2533 912 2616; x_wconf 76' lang='grc' dir='ltr'>ἆρ’</span> <span class='ocrx_word' id='word_1_111' title='bbox 934 2535 1005 2617; x_wconf 80' lang='grc' dir='ltr'>ἔγό.</span> 
     </span>
     <span class='ocr_line' id='line_1_20' title="bbox 340 2636 1003 2721; baseline 0.003 -19"><span class='ocrx_word' id='word_1_112' title='bbox 340 2639 433 2702; x_wconf 81' lang='grc' dir='ltr'>είπιδν</span> <span class='ocrx_word' id='word_1_113' title='bbox 454 2636 545 2718; x_wconf 80' lang='grc' dir='ltr'>ἔληξε</span> <span class='ocrx_word' id='word_1_114' title='bbox 566 2636 658 2721; x_wconf 84' lang='grc' dir='ltr'>ταῦθ’,</span> <span class='ocrx_word' id='word_1_115' title='bbox 680 2640 696 2702; x_wconf 86' lang='grc' dir='ltr'>ὁ</span> <span class='ocrx_word' id='word_1_116' title='bbox 719 2638 744 2703; x_wconf 89' lang='grc' dir='ltr'>δ’</span> <span class='ocrx_word' id='word_1_117' title='bbox 766 2636 878 2718; x_wconf 83' lang='grc' dir='ltr'>ἤνυσεν</span> <span class='ocrx_word' id='word_1_118' title='bbox 899 2640 1003 2720; x_wconf 91' lang='grc' dir='ltr'>λόγον·</span> 
     </span>
     <span class='ocr_line' id='line_1_21' title="bbox 340 2740 940 2824; baseline 0 -19"><span class='ocrx_word' id='word_1_119' title='bbox 340 2743 466 2805; x_wconf 78' lang='grc' dir='ltr'>ἐνταῦθα</span> <span class='ocrx_word' id='word_1_120' title='bbox 489 2740 525 2822; x_wconf 78' lang='grc' dir='ltr'>δὴ</span> <span class='ocrx_word' id='word_1_121' title='bbox 548 2742 706 2824; x_wconf 90' lang='grc' dir='ltr'>πνίγοντες</span> <span class='ocrx_word' id='word_1_122' title='bbox 730 2740 940 2823; x_wconf 82' lang='grc' dir='ltr'>ἔξαπόλλυμεν</span> 
     </span>
     <span class='ocr_line' id='line_1_22' title="bbox 337 2844 983 2928; baseline 0 -19"><span class='ocrx_word' id='word_1_123' title='bbox 337 2844 447 2924; x_wconf 84' lang='grc' dir='ltr'>ἥδιστα</span> <span class='ocrx_word' id='word_1_124' title='bbox 469 2844 591 2925; x_wconf 81' lang='grc' dir='ltr'>φύσεως</span> <span class='ocrx_word' id='word_1_125' title='bbox 613 2845 696 2928; x_wconf 84' lang='grc' dir='ltr'>ἔργα,</span> <span class='ocrx_word' id='word_1_126' title='bbox 718 2844 881 2925; x_wconf 81' lang='grc' dir='ltr'>παγκοίνου</span> <span class='ocrx_word' id='word_1_127' title='bbox 904 2847 983 2919; x_wconf 83' lang='grc' dir='ltr'>θειῖς,</span> 
     </span>
     <span class='ocr_line' id='line_1_23' title="bbox 337 2946 1051 3032; baseline -0.001 -21"><span class='ocrx_word' id='word_1_128' title='bbox 337 2949 468 3032; x_wconf 85' lang='grc' dir='ltr'>χαρίτων</span> <span class='ocrx_word' id='word_1_129' title='bbox 489 2974 523 3013; x_wconf 93' lang='grc' dir='ltr'>τε</span> <span class='ocrx_word' id='word_1_130' title='bbox 545 2948 582 3028; x_wconf 80' lang='grc' dir='ltr'>δὴ</span> <span class='ocrx_word' id='word_1_131' title='bbox 606 2948 789 3030; x_wconf 80' lang='grc' dir='ltr'>πληρέσταθ</span> <span class='ocrx_word' id='word_1_132' title='bbox 811 2949 852 3012; x_wconf 85' lang='grc' dir='ltr'>ὧν</span> <span class='ocrx_word' id='word_1_133' title='bbox 875 2946 977 3029; x_wconf 82' lang='grc' dir='ltr'>ἔφυσέ</span> <span class='ocrx_word' id='word_1_134' title='bbox 995 2972 1051 3011; x_wconf 85' lang='grc' dir='ltr'>πω.</span> 
     </span>
     <span class='ocr_line' id='line_1_24' title="bbox 339 3049 1085 3132; baseline 0.001 -18"><span class='ocrx_word' id='word_1_135' title='bbox 339 3053 388 3116; x_wconf 84' lang='grc' dir='ltr'>καὶ</span> <span class='ocrx_word' id='word_1_136' title='bbox 410 3051 446 3132; x_wconf 77' lang='grc' dir='ltr'>δὴ</span> <span class='ocrx_word' id='word_1_137' title='bbox 468 3049 584 3132; x_wconf 84' lang='grc' dir='ltr'>βεβῖισ’</span> <span class='ocrx_word' id='word_1_138' title='bbox 609 3053 755 3117; x_wconf 81' lang='grc' dir='ltr'>ἐντεῦθεν</span> <span class='ocrx_word' id='word_1_139' title='bbox 788 3052 820 3116; x_wconf 84' lang='grc' dir='ltr'>ἔκ</span> <span class='ocrx_word' id='word_1_140' title='bbox 843 3050 868 3115; x_wconf 89' lang='grc' dir='ltr'>δ’</span> <span class='ocrx_word' id='word_1_141' title='bbox 891 3052 1006 3132; x_wconf 81' lang='grc' dir='ltr'>ἀμφοῖν</span> <span class='ocrx_word' id='word_1_142' title='bbox 1027 3050 1085 3132; x_wconf 81' lang='grc' dir='ltr'>θρα</span> 
     </span>
     <span class='ocr_line' id='line_1_25' title="bbox 337 3152 999 3240; baseline 0 -22"><span class='ocrx_word' id='word_1_143' title='bbox 337 3159 389 3220; x_wconf 87' lang='grc' dir='ltr'>τὸν</span> <span class='ocrx_word' id='word_1_144' title='bbox 412 3152 528 3220; x_wconf 87' lang='grc' dir='ltr'>πλείον’</span> <span class='ocrx_word' id='word_1_145' title='bbox 550 3152 722 3236; x_wconf 79' lang='grc' dir='ltr'>ἔξοφείλετ’</span> <span class='ocrx_word' id='word_1_146' title='bbox 744 3154 873 3240; x_wconf 80' lang='grc' dir='ltr'>αἰσχύνη</span> <span class='ocrx_word' id='word_1_147' title='bbox 896 3156 999 3237; x_wconf 90' lang='grc' dir='ltr'>λόγον.</span> 
     </span>
     <span class='ocr_line' id='line_1_26' title="bbox 336 3257 958 3343; baseline 0 -20"><span class='ocrx_word' id='word_1_148' title='bbox 336 3259 396 3341; x_wconf 78' lang='grc' dir='ltr'>ἐγὼ</span> <span class='ocrx_word' id='word_1_149' title='bbox 419 3258 445 3323; x_wconf 90' lang='grc' dir='ltr'>δ’</span> <span class='ocrx_word' id='word_1_150' title='bbox 466 3258 555 3339; x_wconf 74' lang='grc' dir='ltr'>ἀφείς</span> <span class='ocrx_word' id='word_1_151' title='bbox 578 3284 625 3323; x_wconf 90' lang='grc' dir='ltr'>νιν</span> <span class='ocrx_word' id='word_1_152' title='bbox 647 3258 773 3343; x_wconf 83' lang='grc' dir='ltr'>καιρόνιρ</span> <span class='ocrx_word' id='word_1_153' title='bbox 795 3257 958 3342; x_wconf 84' lang='grc' dir='ltr'>πορεύομαι</span> 
     </span>
    </p>
   </div>
   <div class='ocr_carea' id='block_1_5' title="bbox 335 3362 1173 3514">
    <p class='ocr_par' dir='ltr' id='par_1_7' title="bbox 335 3362 1173 3514">
     <span class='ocr_line' id='line_1_27' title="bbox 335 3362 956 3449; baseline 0.003 -24"><span class='ocrx_word' id='word_1_154' title='bbox 335 3365 452 3428; x_wconf 93' lang='grc' dir='ltr'>τοιόνδε</span> <span class='ocrx_word' id='word_1_155' title='bbox 475 3366 589 3445; x_wconf 78' lang='grc' dir='ltr'>πρᾶγος</span> <span class='ocrx_word' id='word_1_156' title='bbox 612 3362 652 3449; x_wconf 76' lang='grc' dir='ltr'>τῷ</span> <span class='ocrx_word' id='word_1_157' title='bbox 670 3364 821 3449; x_wconf 82' lang='grc' dir='ltr'>μιαιφόνῳ</span> <span class='ocrx_word' id='word_1_158' title='bbox 845 3362 956 3446; x_wconf 76' lang='grc' dir='ltr'>φέρων.</span> 
     </span>
     <span class='ocr_line' id='line_1_28' title="bbox 1112 3478 1173 3514; baseline 0.016 -1"><span class='ocrx_word' id='word_1_159' title='bbox 1112 3479 1136 3514; x_wconf 77' lang='grc' dir='ltr'>ι.</span> <span class='ocrx_word' id='word_1_160' title='bbox 1149 3478 1173 3514; x_wconf 87' lang='grc' dir='ltr'>ο.</span> 
     </span>
    </p>
   </div>
   <div class='ocr_carea' id='block_1_6' title="bbox 0 0 1514 4478">
    <p class='ocr_par' dir='ltr' id='par_1_8' title="bbox 0 0 1514 4478">
     <span class='ocr_line' id='line_1_29' title="bbox 0 0 1514 4478; baseline 0 1"><span class='ocrx_word' id='word_1_161' title='bbox 0 0 1514 4478; x_wconf 95' lang='lat' dir='ltr'> </span> 
     </span>
    </p>
   </div>
  </div>
 </body>
</html>
