3018 4478
265 998 335 1057 Non
357 1019 421 1076 ego,
446 1000 523 1059 dum
543 999 714 1060 semiustus
733 1000 836 1059 adhuc
856 1018 950 1076 rogus
971 998 1065 1071 ardet,
1089 996 1199 1069 abib0余

305 1096 378 1156 inde
399 1097 484 1174 satis,
508 1097 653 1158 flammae
674 1118 737 1175 quo
757 1100 957 1171 renoventur,
981 1096 1060 1156 erit:

266 1215 320 1255 nec
340 1198 446 1255 tamen
467 1196 527 1256 hoc
546 1195 666 1256 ausim:
694 1195 900 1273 nequeenim
920 1215 971 1254 me
991 1194 1100 1254 funere
1120 1193 1177 1254 tali

306 1294 434 1371 dignor:
461 1294 496 1353 in
516 1294 670 1354 Herculea
691 1314 764 1370 pars
784 1293 866 1353 mihi
886 1293 974 1352 nulla
994 1312 1080 1370 pyra.

264 1392 348 1452 haud
369 1412 457 1451 secus
479 1392 643 1454 Oechalios
662 1392 795 1453 memini
814 1392 961 1468 flagrasse
981 1392 1103 1467 penatis

305 1493 337 1548 et
357 1490 483 1567 patrias,
506 1491 645 1551 mulium
666 1510 717 1551 me
738 1491 929 1564 lacrimante,
954 1489 1082 1561 domos余

266 1590 311 1648 tot
332 1591 440 1647 tamen
461 1589 592 1664 amissis,
615 1591 705 1649 tanta
725 1590 892 1665 superante
913 1587 1012 1656 ruina,

306 1687 391 1763 quod
413 1706 647 1763 compensarem
668 1689 718 1747 sat
737 1686 800 1746 fuit
820 1707 903 1747 unus
924 1705 1021 1746 amor.

267 1784 333 1860 ipse
352 1785 413 1844 iter
433 1785 473 1844 ad
492 1805 607 1845 navem
629 1786 736 1845 dextra
757 1784 839 1844 mihi
859 1784 948 1844 fulsit
969 1783 1076 1860 amica,

306 1882 373 1955 (aui
393 1902 489 1958 amor,
513 1885 568 1942 aui
589 1883 705 1959 species
725 1882 806 1942 illud
826 1883 942 1942 amoris
962 1882 1050 1960 erat)

265 1982 384 2041 addidit
405 1985 437 2042 et
457 2002 556 2056 voces,
579 1984 612 2041 ei
632 1981 748 2041 iunctis
768 1982 873 2041 oscula
893 1981 1008 2056 labris余

305 2080 385 2139 mira
405 2081 524 2157 loquor,
548 2081 624 2140 nato
644 2100 695 2140 me
716 2079 868 2156 placuisse
889 2079 984 2141 Iovis.

265 2199 349 2238 nunc
369 2180 451 2239 mihi
470 2181 521 2240 vir
541 2180 641 2256 periit,
663 2180 776 2240 fratres
796 2179 920 2258 periere,
944 2183 1100 2258 paterque,

305 2280 338 2344 et
357 2279 516 2356 genetrix:
543 2281 626 2339 resio
647 2298 738 2339 serva
758 2281 913 2354 superstes
934 2299 1003 2340 ero:

265 2376 431 2437 debueram
451 2377 516 2436 iam
535 2380 613 2438 tunc
633 2376 758 2454 sepeliri
778 2379 877 2437 maire
898 2378 1027 2454 sepulta,

305 2475 356 2533 vel
375 2475 459 2535 laius
478 2475 531 2535 hic
552 2477 679 2536 domino
700 2475 891 2536 conseruisse
912 2496 990 2537 mec.

266 2573 389 2650 iamque
409 2576 497 2634 satur
516 2575 593 2633 fietu
614 2574 706 2634 cessit
725 2576 818 2634 vetus
837 2574 890 2633 ille
911 2574 1026 2634 sodalis
1036 2597 1044 2648 余

306 2673 490 2731 centaurum
510 2671 647 2733 latebrae
667 2672 828 2749 lustraque
848 2692 935 2733 caeca
955 2675 1081 2732 tenent:

265 2769 330 2829 sola
350 2789 407 2847 ego
428 2771 557 2831 dilectos
577 2772 696 2831 cineres
716 2771 795 2847 vigil
815 2791 947 2848 ossaque
968 2791 1065 2847 servo,

305 2869 477 2929 Herculeae
497 2873 603 2930 custos
622 2890 686 2930 una
707 2871 814 2931 relicta
834 2891 936 2948 pyrae.

264 2971 312 3027 est
333 2970 447 3043 tamen,
471 2971 520 3028 est
541 2987 620 3044 quae
641 2968 707 3029 sola
727 2989 830 3029 sacras
851 2971 909 3031 sub
931 2970 1069 3047 tegmine
1090 2971 1198 3045 noctis,

305 3066 371 3126 sola
390 3067 500 3143 procul
520 3066 654 3127 madidis
674 3070 793 3128 maeret
813 3071 845 3127 ei
865 3068 933 3145 ipsa
954 3068 1061 3146 genis:

265 3165 319 3224 sed
340 3164 421 3223 mihi
442 3185 499 3224 nec
520 3165 657 3226 similem
678 3186 785 3226 curam
806 3166 891 3226 fovet
911 3166 974 3242 illa,
999 3185 1216 3243 necunquam

306 3263 490 3340 participem
509 3264 614 3325 luctus
634 3285 686 3324 me
707 3266 788 3325 sinet
808 3284 875 3326 esse
895 3266 952 3325 sui.

1097 3376 1117 3410 J,
1130 3376 1154 3409 A.
1167 3376 1191 3410 G.
