3050 4476
664 320 899 375 ANTHOLOGIA

732 449 836 494 XCVIII

543 531 761 598 Μεσοννκτύοις
784 523 850 592 τοτ’
873 524 974 604 ὥραις,

543 635 705 721 στρέφεται
728 631 770 697 ὅτ’
794 630 900 711 ἄρκτος
922 624 979 705 ἤδη

543 743 618 806 κατὰ
639 744 725 821 χεῖρα
746 735 801 816 τὴν
824 732 955 808 Βούτου,

542 845 682 927 μερόπων
704 842 737 905 δὲ
760 844 843 921 φῦλα
865 833 964 899 πάντα

543 948 643 1014 κέαται
666 945 748 1030 κόπιρ
771 939 911 1020 δαμέντα,

544 1053 604 1120 τότ’
624 1050 722 1132 Ἔρως
744 1043 919 1111 έπισταθείς
940 1064 996 1120 μευ

547 1156 659 1239 θυρέων
681 1148 781 1219 ἕκαστ’
804 1151 909 1233 όχῆας.

546 1258 653 1327 “Tre''
677 1258 756 1339 ἔφην
777 1261 796 1290 “
807 1253 896 1334 θύρας
917 1245 1071 1331 ἆρόσσει;

550 1362 625 1428 κατά
646 1387 702 1441 μευ
724 1359 839 1442 σχόζεις
861 1347 1023 1434 όνείρους.”

550 1471 566 1531 ό
588 1467 614 1532 δ’
633 1466 732 1548 Ἔρως
754 1465 770 1494 “
779 1462 883 1542 ἄνοιγε
892 1456 910 1480 ”
935 1455 1040 1537 φησίν,

548 1570 694 1654 “βνὲφος
717 1568 787 1647 εἰμί,
810 1564 851 1645 νὴ
875 1562 1027 1644 Φόβοσαι·

548 1674 699 1757 βρέχομαι
722 1673 753 1735 δὲ
776 1667 947 1742 κᾶσέληνον

551 1777 627 1843 κατὰ
648 1775 738 1839 νύκτα
760 1762 985 1847 πεπλάνημαι.”

552 1883 667 1961 έλέησα
688 1876 768 1942 ταῦτ’
792 1874 934 1946 ἀκούσας,

553 1989 610 2050 ἀνὰ
633 1983 657 2049 δ’
683 1981 752 2047 εὐθὺ
776 1978 891 2060 λύχνον
914 1972 1007 2054 ἅψας,

552 2086 667 2174 ἆνέιρξα
691 2086 739 2149 καὶ
761 2081 878 2164 βρέφος
900 2079 956 2157 μὲν

555 2195 651 2274 έσορῶ
675 2188 808 2270 φέροντα
829 2182 919 2261 τόξον

555 2293 703 2377 πτέρυγάς
725 2317 758 2355 τε
781 2286 830 2352 καὶ
852 2285 1010 2367 φαρέτρην.

556 2401 638 2483 παρὰ
660 2399 686 2464 δ’
711 2393 810 2471 ἱστόην
833 2396 952 2462 καθῖσα,

556 2502 710 2582 παλάμαις
733 2526 767 2563 τε
788 2501 892 2580 χεῖρας
914 2491 1003 2554 αὐτοῦ

559 2609 741 2676 ἀνέθαλτον,
765 2605 797 2665 ἑκ
820 2602 853 2664 δὲ
874 2597 981 2680 χαίτης

558 2710 729 2787 ἀπέθλιβον
749 2702 842 2789 ὑγρὸν
863 2702 953 2779 ὕδωρ.

561 2818 577 2879 ὁ
601 2812 637 2893 δ’,
660 2812 726 2877 ἐπεὶ
750 2808 835 2891 κρύος
856 2805 996 2884 μεθῆκεν,

559 2927 576 2955 “
588 2913 690 3000 φέρε”
714 2914 794 2996 φησὶ
815 2916 833 2945 “
844 2905 1034 2988 τειρόσωμεν

561 3026 631 3087 τόδε
653 3018 749 3098 τόξον,
772 3018 801 3081 εἴ
821 3040 850 3077 τι
872 3036 923 3091 μοι
947 3013 999 3073 νῦν

561 3125 717 3210 βλάβεται
740 3124 893 3204 βραχεῖσα
915 3107 1035 3193 νεορή.”

482 3261 484 3264 ⁴
564 3229 665 3294 τανύει
688 3230 720 3291 δὲ
744 3226 794 3288 καί
815 3248 853 3302 με
875 3219 980 3282 τύπτει

563 3334 660 3413 μέσον
681 3330 773 3410 ἧπαρ,
797 3328 898 3405 ὥσπερ
921 3321 1050 3399 οἶστρος·

565 3438 622 3501 ἀνὰ
645 3435 669 3498 δ’
694 3432 822 3497 ἅλλεται
845 3424 994 3510 καχάζων,
1063 3468 1066 3474 .

565 3546 582 3575 “
595 3538 662 3619 ξένε
685 3535 710 3600 δ’
721 3535 741 3564 ”
766 3530 870 3598 εἶπε’“
882 3526 1060 3610 συγχόρηόι·

567 3643 652 3725 κέρας
675 3640 817 3720 ἀβλαβὲς
838 3634 894 3715 μέν
917 3634 1013 3704 ἐστιν,

567 3748 605 3810 σὺ
627 3746 661 3809 δὲ
683 3741 804 3822 καρδίην
826 3731 999 3816 τονήσεις.”
1133 3756 1278 3795 mennon.
