<?xml version="1.0" encoding="UTF-8"?>
<!DOCTYPE html PUBLIC "-//W3C//DTD XHTML 1.0 Transitional//EN"
    "http://www.w3.org/TR/xhtml1/DTD/xhtml1-transitional.dtd">
<html xmlns="http://www.w3.org/1999/xhtml" xml:lang="en" lang="en">
 <head>
  <title>
</title>
<meta http-equiv="Content-Type" content="text/html;charset=utf-8" />
  <meta name='ocr-system' content='tesseract 3.04.00' />
  <meta name='ocr-capabilities' content='ocr_page ocr_carea ocr_par ocr_line ocrx_word'/>
</head>
<body>
  <div class='ocr_page' id='page_1' title='image "./novaanthologiao02godlgoog_0094.png"; bbox 0 0 3018 4478; ppageno 0'>
   <div class='ocr_carea' id='block_1_1' title="bbox 628 344 844 392">
    <p class='ocr_par' dir='ltr' id='par_1_1' title="bbox 628 344 844 392">
     <span class='ocr_line' id='line_1_1' title="bbox 628 344 844 392; baseline 0 -2"><span class='ocrx_word' id='word_1_1' title='bbox 628 344 844 392; x_wconf 84' lang='lat' dir='ltr'>OXONIENSIS</span> 
     </span>
    </p>
   </div>
   <div class='ocr_carea' id='block_1_2' title="bbox 320 522 1113 2178">
    <p class='ocr_par' dir='ltr' id='par_1_2' title="bbox 320 522 1113 2178">
     <span class='ocr_line' id='line_1_2' title="bbox 697 522 773 562; baseline 0 0"><span class='ocrx_word' id='word_1_2' title='bbox 697 522 773 562; x_wconf 72' lang='lat' dir='ltr'>xilv</span> 
     </span>
     <span class='ocr_line' id='line_1_3' title="bbox 320 607 1074 690; baseline 0.004 -22"><span class='ocrx_word' id='word_1_3' title='bbox 320 607 360 668; x_wconf 92' lang='grc' dir='ltr'>Τί</span> <span class='ocrx_word' id='word_1_4' title='bbox 381 607 443 685; x_wconf 84' lang='grc' dir='ltr'>δῆτ’</span> <span class='ocrx_word' id='word_1_5' title='bbox 465 609 522 690; x_wconf 75' lang='grc' dir='ltr'>ἐρῶ</span> <span class='ocrx_word' id='word_1_6' title='bbox 545 608 648 681; x_wconf 84' lang='grc' dir='ltr'>τοῦδ’;</span> <span class='ocrx_word' id='word_1_7' title='bbox 679 611 711 671; x_wconf 85' lang='grc' dir='ltr'>αἱ</span> <span class='ocrx_word' id='word_1_8' title='bbox 733 611 791 690; x_wconf 83' lang='grc' dir='ltr'>γὰρ</span> <span class='ocrx_word' id='word_1_9' title='bbox 809 607 966 687; x_wconf 79' lang='grc' dir='ltr'>Ἕλληνες</span> <span class='ocrx_word' id='word_1_10' title='bbox 989 609 1074 688; x_wconf 84' lang='grc' dir='ltr'>κόραι</span> 
     </span>
     <span class='ocr_line' id='line_1_4' title="bbox 321 706 1000 790; baseline -0.001 -22"><span class='ocrx_word' id='word_1_11' title='bbox 321 707 436 786; x_wconf 78' lang='grc' dir='ltr'>ἀνδρῶν</span> <span class='ocrx_word' id='word_1_12' title='bbox 459 708 577 790; x_wconf 72' lang='grc' dir='ltr'>ἐρῶσιν·</span> <span class='ocrx_word' id='word_1_13' title='bbox 608 706 690 770; x_wconf 80' lang='grc' dir='ltr'>ἀλλὰ</span> <span class='ocrx_word' id='word_1_14' title='bbox 713 708 831 788; x_wconf 80' lang='grc' dir='ltr'>πατρίδ’</span> <span class='ocrx_word' id='word_1_15' title='bbox 854 709 905 771; x_wconf 80' lang='grc' dir='ltr'>οὐκ</span> <span class='ocrx_word' id='word_1_16' title='bbox 929 710 1000 790; x_wconf 86' lang='grc' dir='ltr'>ἔχω,</span> 
     </span>
     <span class='ocr_line' id='line_1_5' title="bbox 322 805 1066 892; baseline 0.004 -24"><span class='ocrx_word' id='word_1_17' title='bbox 322 807 416 892; x_wconf 82' lang='grc' dir='ltr'>δούλῃ</span> <span class='ocrx_word' id='word_1_18' title='bbox 439 808 496 888; x_wconf 80' lang='grc' dir='ltr'>γὰρ</span> <span class='ocrx_word' id='word_1_19' title='bbox 519 805 604 871; x_wconf 79' lang='grc' dir='ltr'>οὐδέν</span> <span class='ocrx_word' id='word_1_20' title='bbox 626 809 694 870; x_wconf 89' lang='grc' dir='ltr'>ε’στι</span> <span class='ocrx_word' id='word_1_21' title='bbox 717 807 800 886; x_wconf 77' lang='grc' dir='ltr'>πλὴν</span> <span class='ocrx_word' id='word_1_22' title='bbox 822 812 942 887; x_wconf 76' lang='grc' dir='ltr'>δεσμῶν</span> <span class='ocrx_word' id='word_1_23' title='bbox 963 807 1066 887; x_wconf 92' lang='grc' dir='ltr'>μόνον,</span> 
     </span>
     <span class='ocr_line' id='line_1_6' title="bbox 323 904 957 989; baseline 0.003 -23"><span class='ocrx_word' id='word_1_24' title='bbox 323 906 354 967; x_wconf 78' lang='grc' dir='ltr'>ἐν</span> <span class='ocrx_word' id='word_1_25' title='bbox 377 907 423 970; x_wconf 76' lang='grc' dir='ltr'>οἷς</span> <span class='ocrx_word' id='word_1_26' title='bbox 444 904 591 986; x_wconf 77' lang='grc' dir='ltr'>μέγιστον</span> <span class='ocrx_word' id='word_1_27' title='bbox 612 905 706 989; x_wconf 79' lang='grc' dir='ltr'>ἄχθος</span> <span class='ocrx_word' id='word_1_28' title='bbox 728 906 858 987; x_wconf 83' lang='grc' dir='ltr'>ἡγοῦμαι</span> <span class='ocrx_word' id='word_1_29' title='bbox 880 905 957 981; x_wconf 83' lang='grc' dir='ltr'>τόδε,</span> 
     </span>
     <span class='ocr_line' id='line_1_7' title="bbox 321 1005 1035 1086; baseline -0.003 -18"><span class='ocrx_word' id='word_1_30' title='bbox 321 1009 356 1068; x_wconf 88' lang='grc' dir='ltr'>τὸ</span> <span class='ocrx_word' id='word_1_31' title='bbox 378 1008 465 1068; x_wconf 80' lang='grc' dir='ltr'>τοῦδε</span> <span class='ocrx_word' id='word_1_32' title='bbox 488 1010 737 1085; x_wconf 79' lang='grc' dir='ltr'>καταφρονοῦσαν</span> <span class='ocrx_word' id='word_1_33' title='bbox 759 1005 828 1067; x_wconf 84' lang='grc' dir='ltr'>ἀλλ’</span> <span class='ocrx_word' id='word_1_34' title='bbox 853 1006 932 1082; x_wconf 82' lang='grc' dir='ltr'>ὅμως</span> <span class='ocrx_word' id='word_1_35' title='bbox 956 1006 1035 1086; x_wconf 79' lang='grc' dir='ltr'>ἐρᾶν.</span> 
     </span>
     <span class='ocr_line' id='line_1_8' title="bbox 322 1101 1075 1187; baseline 0.003 -23"><span class='ocrx_word' id='word_1_36' title='bbox 322 1101 392 1164; x_wconf 81' lang='grc' dir='ltr'>ἀλλ’</span> <span class='ocrx_word' id='word_1_37' title='bbox 416 1102 531 1186; x_wconf 80' lang='grc' dir='ltr'>οὐγὰρ</span> <span class='ocrx_word' id='word_1_38' title='bbox 554 1103 592 1167; x_wconf 84' lang='grc' dir='ltr'>ἂν</span> <span class='ocrx_word' id='word_1_39' title='bbox 613 1104 733 1184; x_wconf 84' lang='grc' dir='ltr'>θέλοιμι</span> <span class='ocrx_word' id='word_1_40' title='bbox 756 1104 833 1168; x_wconf 84' lang='grc' dir='ltr'>τοῦτ’</span> <span class='ocrx_word' id='word_1_41' title='bbox 857 1106 959 1168; x_wconf 79' lang='grc' dir='ltr'>ἄλλως</span> <span class='ocrx_word' id='word_1_42' title='bbox 983 1104 1075 1187; x_wconf 84' lang='grc' dir='ltr'>ἔχειν,</span> 
     </span>
     <span class='ocr_line' id='line_1_9' title="bbox 322 1201 1036 1286; baseline 0 -21"><span class='ocrx_word' id='word_1_43' title='bbox 322 1201 493 1283; x_wconf 89' lang='grc' dir='ltr'>φανήσεται</span> <span class='ocrx_word' id='word_1_44' title='bbox 516 1204 585 1286; x_wconf 83' lang='grc' dir='ltr'>γάρ,</span> <span class='ocrx_word' id='word_1_45' title='bbox 608 1203 643 1267; x_wconf 84' lang='grc' dir='ltr'>οὗ</span> <span class='ocrx_word' id='word_1_46' title='bbox 666 1209 779 1285; x_wconf 88' lang='grc' dir='ltr'>μακροῦ</span> <span class='ocrx_word' id='word_1_47' title='bbox 802 1205 913 1286; x_wconf 84' lang='grc' dir='ltr'>χρόνον</span> <span class='ocrx_word' id='word_1_48' title='bbox 935 1202 1036 1284; x_wconf 85' lang='grc' dir='ltr'>τριβή,</span> 
     </span>
     <span class='ocr_line' id='line_1_10' title="bbox 323 1301 1023 1386; baseline 0.003 -24"><span class='ocrx_word' id='word_1_49' title='bbox 323 1301 424 1381; x_wconf 86' lang='grc' dir='ltr'>φίλων</span> <span class='ocrx_word' id='word_1_50' title='bbox 445 1305 585 1385; x_wconf 84' lang='grc' dir='ltr'>χατίζων,</span> <span class='ocrx_word' id='word_1_51' title='bbox 610 1301 670 1368; x_wconf 84' lang='grc' dir='ltr'>οὐδ’</span> <span class='ocrx_word' id='word_1_52' title='bbox 693 1303 735 1367; x_wconf 83' lang='grc' dir='ltr'>ἔθ’</span> <span class='ocrx_word' id='word_1_53' title='bbox 761 1303 883 1386; x_wconf 83' lang='grc' dir='ltr'>εὑρήσει</span> <span class='ocrx_word' id='word_1_54' title='bbox 906 1304 1023 1385; x_wconf 81' lang='grc' dir='ltr'>φίλους.</span> 
     </span>
     <span class='ocr_line' id='line_1_11' title="bbox 323 1403 1000 1483; baseline 0.003 -20"><span class='ocrx_word' id='word_1_55' title='bbox 323 1403 368 1464; x_wconf 82' lang='grc' dir='ltr'>κεί</span> <span class='ocrx_word' id='word_1_56' title='bbox 390 1404 445 1482; x_wconf 76' lang='grc' dir='ltr'>μὲν</span> <span class='ocrx_word' id='word_1_57' title='bbox 469 1405 587 1483; x_wconf 83' lang='grc' dir='ltr'>θρόνοις</span> <span class='ocrx_word' id='word_1_58' title='bbox 609 1404 722 1467; x_wconf 80' lang='grc' dir='ltr'>ἔπαισα</span> <span class='ocrx_word' id='word_1_59' title='bbox 744 1404 824 1468; x_wconf 86' lang='grc' dir='ltr'>τόνδ’</span> <span class='ocrx_word' id='word_1_60' title='bbox 847 1403 1000 1483; x_wconf 80' lang='grc' dir='ltr'>ἐφήμενον</span> 
     </span>
     <span class='ocr_line' id='line_1_12' title="bbox 324 1499 991 1586; baseline 0.009 -26"><span class='ocrx_word' id='word_1_61' title='bbox 324 1499 493 1566; x_wconf 87' lang='grc' dir='ltr'>κάλλιστον</span> <span class='ocrx_word' id='word_1_62' title='bbox 515 1504 603 1583; x_wconf 86' lang='grc' dir='ltr'>ἔργον</span> <span class='ocrx_word' id='word_1_63' title='bbox 627 1502 662 1582; x_wconf 87' lang='grc' dir='ltr'>ήν</span> <span class='ocrx_word' id='word_1_64' title='bbox 686 1502 723 1566; x_wconf 84' lang='grc' dir='ltr'>ἂν</span> <span class='ocrx_word' id='word_1_65' title='bbox 746 1501 991 1586; x_wconf 80' lang='grc' dir='ltr'>ἐξειργασμένον,</span> 
     </span>
     <span class='ocr_line' id='line_1_13' title="bbox 322 1599 1052 1685; baseline 0.005 -25"><span class='ocrx_word' id='word_1_66' title='bbox 322 1604 357 1660; x_wconf 90' lang='grc' dir='ltr'>τδ</span> <span class='ocrx_word' id='word_1_67' title='bbox 380 1599 404 1663; x_wconf 92' lang='grc' dir='ltr'>δ’</span> <span class='ocrx_word' id='word_1_68' title='bbox 430 1601 466 1663; x_wconf 80' lang='grc' dir='ltr'>αὖ</span> <span class='ocrx_word' id='word_1_69' title='bbox 489 1606 652 1682; x_wconf 85' lang='grc' dir='ltr'>προδοῦναι</span> <span class='ocrx_word' id='word_1_70' title='bbox 676 1607 728 1668; x_wconf 86' lang='grc' dir='ltr'>νῢν</span> <span class='ocrx_word' id='word_1_71' title='bbox 751 1601 788 1666; x_wconf 85' lang='grc' dir='ltr'>δι’</span> <span class='ocrx_word' id='word_1_72' title='bbox 813 1603 960 1685; x_wconf 79' lang='grc' dir='ltr'>αἰσχύνης</span> <span class='ocrx_word' id='word_1_73' title='bbox 983 1602 1052 1685; x_wconf 86' lang='grc' dir='ltr'>ἔχω·</span> 
     </span>
     <span class='ocr_line' id='line_1_14' title="bbox 324 1698 1014 1784; baseline 0.003 -24"><span class='ocrx_word' id='word_1_74' title='bbox 324 1698 384 1761; x_wconf 80' lang='grc' dir='ltr'>οὔτ’</span> <span class='ocrx_word' id='word_1_75' title='bbox 407 1699 458 1762; x_wconf 79' lang='grc' dir='ltr'>οὖν</span> <span class='ocrx_word' id='word_1_76' title='bbox 481 1703 659 1780; x_wconf 84' lang='grc' dir='ltr'>προλείπειν</span> <span class='ocrx_word' id='word_1_77' title='bbox 680 1701 748 1765; x_wconf 81' lang='grc' dir='ltr'>οὔτε</span> <span class='ocrx_word' id='word_1_78' title='bbox 769 1707 908 1784; x_wconf 85' lang='grc' dir='ltr'>τιμωρεῖν</span> <span class='ocrx_word' id='word_1_79' title='bbox 930 1703 1014 1782; x_wconf 88' lang='grc' dir='ltr'>ἔφυν.</span> 
     </span>
     <span class='ocr_line' id='line_1_15' title="bbox 323 1798 993 1881; baseline 0.007 -22"><span class='ocrx_word' id='word_1_80' title='bbox 323 1799 372 1861; x_wconf 85' lang='grc' dir='ltr'>καὶ</span> <span class='ocrx_word' id='word_1_81' title='bbox 395 1798 430 1876; x_wconf 78' lang='grc' dir='ltr'>δὴ</span> <span class='ocrx_word' id='word_1_82' title='bbox 455 1798 581 1862; x_wconf 82' lang='grc' dir='ltr'>σέσωκα</span> <span class='ocrx_word' id='word_1_83' title='bbox 603 1805 719 1878; x_wconf 86' lang='grc' dir='ltr'>τοῦτον,</span> <span class='ocrx_word' id='word_1_84' title='bbox 742 1798 788 1881; x_wconf 83' lang='grc' dir='ltr'>ἆρ’</span> <span class='ocrx_word' id='word_1_85' title='bbox 812 1802 842 1867; x_wconf 80' lang='grc' dir='ltr'>ἐς</span> <span class='ocrx_word' id='word_1_86' title='bbox 864 1803 993 1881; x_wconf 83' lang='grc' dir='ltr'>ὕστερον</span> 
     </span>
     <span class='ocr_line' id='line_1_16' title="bbox 322 1897 1113 1980; baseline 0.005 -22"><span class='ocrx_word' id='word_1_87' title='bbox 322 1901 442 1973; x_wconf 79' lang='grc' dir='ltr'>μᾶλλον</span> <span class='ocrx_word' id='word_1_88' title='bbox 465 1897 590 1978; x_wconf 82' lang='grc' dir='ltr'>φιλήσω</span> <span class='ocrx_word' id='word_1_89' title='bbox 615 1897 685 1980; x_wconf 89' lang='grc' dir='ltr'>σφ’,·</span> <span class='ocrx_word' id='word_1_90' title='bbox 713 1900 857 1978; x_wconf 74' lang='grc' dir='ltr'>οὐδαμῶς*</span> <span class='ocrx_word' id='word_1_91' title='bbox 883 1900 958 1980; x_wconf 74' lang='grc' dir='ltr'>ἐμὴν</span> <span class='ocrx_word' id='word_1_92' title='bbox 983 1902 1038 1978; x_wconf 78' lang='grc' dir='ltr'>μὲν</span> <span class='ocrx_word' id='word_1_93' title='bbox 1061 1898 1113 1962; x_wconf 82' lang='grc' dir='ltr'>οὖν</span> 
     </span>
     <span class='ocr_line' id='line_1_17' title="bbox 323 1996 1047 2082; baseline 0.004 -23"><span class='ocrx_word' id='word_1_94' title='bbox 323 1996 595 2079; x_wconf 76' lang='grc' dir='ltr'>φυχὴνπροτίσω·</span> <span class='ocrx_word' id='word_1_95' title='bbox 624 1998 683 2080; x_wconf 79' lang='grc' dir='ltr'>χρὴ</span> <span class='ocrx_word' id='word_1_96' title='bbox 706 1997 772 2080; x_wconf 83' lang='grc' dir='ltr'>γάρ,</span> <span class='ocrx_word' id='word_1_97' title='bbox 795 1999 835 2064; x_wconf 82' lang='grc' dir='ltr'>ὡς</span> <span class='ocrx_word' id='word_1_98' title='bbox 858 1998 1047 2082; x_wconf 79' lang='grc' dir='ltr'>αἰσχύνομαι</span> 
     </span>
     <span class='ocr_line' id='line_1_18' title="bbox 324 2097 1009 2178; baseline 0.006 -21"><span class='ocrx_word' id='word_1_99' title='bbox 324 2099 376 2157; x_wconf 81' lang='grc' dir='ltr'>τοῦ</span> <span class='ocrx_word' id='word_1_100' title='bbox 400 2097 594 2176; x_wconf 84' lang='grc' dir='ltr'>θήλυμόρφου</span> <span class='ocrx_word' id='word_1_101' title='bbox 616 2098 694 2160; x_wconf 81' lang='grc' dir='ltr'>τοῦδ’</span> <span class='ocrx_word' id='word_1_102' title='bbox 720 2099 820 2178; x_wconf 77' lang='grc' dir='ltr'>ἐρῶσα</span> <span class='ocrx_word' id='word_1_103' title='bbox 842 2099 1009 2178; x_wconf 82' lang='grc' dir='ltr'>βαρβάρου.</span> 
     </span>
    </p>
   </div>
   <div class='ocr_carea' id='block_1_3' title="bbox 1089 2198 1208 2232">
    <p class='ocr_par' dir='ltr' id='par_1_3' title="bbox 1089 2198 1208 2232">
     <span class='ocr_line' id='line_1_19' title="bbox 1089 2198 1208 2232; baseline 0 -1"><span class='ocrx_word' id='word_1_104' title='bbox 1089 2199 1118 2232; x_wconf 82' lang='grc' dir='ltr'>Η.</span> <span class='ocrx_word' id='word_1_105' title='bbox 1132 2198 1164 2231; x_wconf 78' lang='lat' dir='ltr'>W.</span> <span class='ocrx_word' id='word_1_106' title='bbox 1183 2198 1208 2231; x_wconf 74' lang='lat' dir='ltr'>G.</span> 
     </span>
    </p>
   </div>
   <div class='ocr_carea' id='block_1_4' title="bbox 711 2329 774 2369">
    <p class='ocr_par' dir='ltr' id='par_1_4' title="bbox 711 2329 774 2369">
     <span class='ocr_line' id='line_1_20' title="bbox 711 2329 774 2369; baseline 0 0"><span class='ocrx_word' id='word_1_107' title='bbox 711 2329 774 2369; x_wconf 80' lang='lat' dir='ltr'>XLV</span> 
     </span>
    </p>
   </div>
   <div class='ocr_carea' id='block_1_5' title="bbox 319 2415 1231 3676">
    <p class='ocr_par' dir='ltr' id='par_1_5' title="bbox 319 2415 1231 3676">
     <span class='ocr_line' id='line_1_21' title="bbox 320 2415 1083 2493; baseline 0.004 -20"><span class='ocrx_word' id='word_1_108' title='bbox 320 2415 353 2474; x_wconf 87' lang='lat' dir='ltr'>Si</span> <span class='ocrx_word' id='word_1_109' title='bbox 375 2436 439 2476; x_wconf 89' lang='lat' dir='ltr'>non</span> <span class='ocrx_word' id='word_1_110' title='bbox 460 2416 608 2476; x_wconf 78' lang='lat' dir='ltr'>aetheriis</span> <span class='ocrx_word' id='word_1_111' title='bbox 629 2417 796 2493; x_wconf 82' lang='lat' dir='ltr'>prudentia</span> <span class='ocrx_word' id='word_1_112' title='bbox 817 2417 909 2477; x_wconf 85' lang='lat' dir='ltr'>fluxit</span> <span class='ocrx_word' id='word_1_113' title='bbox 930 2417 969 2477; x_wconf 80' lang='lat' dir='ltr'>ab</span> <span class='ocrx_word' id='word_1_114' title='bbox 989 2418 1083 2477; x_wconf 84' lang='lat' dir='ltr'>astris</span> 
     </span>
     <span class='ocr_line' id='line_1_22' title="bbox 362 2513 1139 2591; baseline 0.003 -19"><span class='ocrx_word' id='word_1_115' title='bbox 362 2513 428 2574; x_wconf 83' lang='lat' dir='ltr'>ulla</span> <span class='ocrx_word' id='word_1_116' title='bbox 448 2514 537 2589; x_wconf 78' lang='lat' dir='ltr'>mihi,</span> <span class='ocrx_word' id='word_1_117' title='bbox 563 2514 756 2591; x_wconf 74' lang='lat' dir='ltr'>astrologum</span> <span class='ocrx_word' id='word_1_118' title='bbox 777 2535 828 2575; x_wconf 89' lang='lat' dir='ltr'>me</span> <span class='ocrx_word' id='word_1_119' title='bbox 848 2518 955 2574; x_wconf 80' lang='lat' dir='ltr'>tumen</span> <span class='ocrx_word' id='word_1_120' title='bbox 975 2535 1042 2574; x_wconf 81' lang='lat' dir='ltr'>esse</span> <span class='ocrx_word' id='word_1_121' title='bbox 1062 2534 1139 2574; x_wconf 87' lang='lat' dir='ltr'>reor.</span> 
     </span>
     <span class='ocr_line' id='line_1_23' title="bbox 319 2613 1178 2689; baseline 0.002 -19"><span class='ocrx_word' id='word_1_122' title='bbox 319 2632 384 2671; x_wconf 89' lang='lat' dir='ltr'>non</span> <span class='ocrx_word' id='word_1_123' title='bbox 404 2613 550 2689; x_wconf 84' lang='lat' dir='ltr'>equidem</span> <span class='ocrx_word' id='word_1_124' title='bbox 566 2614 647 2685; x_wconf 16' lang='lat' dir='ltr'>*novi</span> <span class='ocrx_word' id='word_1_125' title='bbox 668 2614 710 2673; x_wconf 86' lang='lat' dir='ltr'>sit</span> <span class='ocrx_word' id='word_1_126' title='bbox 731 2634 801 2673; x_wconf 82' lang='lat' dir='ltr'>sors</span> <span class='ocrx_word' id='word_1_127' title='bbox 821 2614 910 2688; x_wconf 83' lang='lat' dir='ltr'>bona,</span> <span class='ocrx_word' id='word_1_128' title='bbox 934 2633 1039 2688; x_wconf 80' lang='lat' dir='ltr'>neone,</span> <span class='ocrx_word' id='word_1_129' title='bbox 1063 2613 1178 2686; x_wconf 81' lang='lat' dir='ltr'>futura,</span> 
     </span>
     <span class='ocr_line' id='line_1_24' title="bbox 362 2711 1086 2789; baseline 0.003 -20"><span class='ocrx_word' id='word_1_130' title='bbox 362 2731 403 2770; x_wconf 86' lang='lat' dir='ltr'>an</span> <span class='ocrx_word' id='word_1_131' title='bbox 424 2712 501 2787; x_wconf 83' lang='lat' dir='ltr'>sitis,</span> <span class='ocrx_word' id='word_1_132' title='bbox 527 2733 567 2771; x_wconf 81' lang='lat' dir='ltr'>an</span> <span class='ocrx_word' id='word_1_133' title='bbox 588 2713 692 2789; x_wconf 81' lang='lat' dir='ltr'>febris,</span> <span class='ocrx_word' id='word_1_134' title='bbox 718 2713 857 2788; x_wconf 80' lang='lat' dir='ltr'>eandida,</span> <span class='ocrx_word' id='word_1_135' title='bbox 881 2731 986 2786; x_wconf 80' lang='lat' dir='ltr'>necne,</span> <span class='ocrx_word' id='word_1_136' title='bbox 1011 2711 1086 2772; x_wconf 88' lang='lat' dir='ltr'>dies.</span> 
     </span>
     <span class='ocr_line' id='line_1_25' title="bbox 322 2810 1109 2887; baseline 0.003 -19"><span class='ocrx_word' id='word_1_137' title='bbox 322 2830 386 2868; x_wconf 89' lang='lat' dir='ltr'>non</span> <span class='ocrx_word' id='word_1_138' title='bbox 406 2830 464 2887; x_wconf 85' lang='lat' dir='ltr'>ego</span> <span class='ocrx_word' id='word_1_139' title='bbox 485 2811 655 2870; x_wconf 83' lang='lat' dir='ltr'>momentis</span> <span class='ocrx_word' id='word_1_140' title='bbox 676 2831 734 2870; x_wconf 82' lang='lat' dir='ltr'>sua</span> <span class='ocrx_word' id='word_1_141' title='bbox 754 2811 821 2870; x_wconf 82' lang='lat' dir='ltr'>fata</span> <span class='ocrx_word' id='word_1_142' title='bbox 841 2810 1023 2872; x_wconf 83' lang='lat' dir='ltr'>volantibus</span> <span class='ocrx_word' id='word_1_143' title='bbox 1043 2811 1109 2885; x_wconf 86' lang='lat' dir='ltr'>edo,</span> 
     </span>
     <span class='ocr_line' id='line_1_26' title="bbox 363 2908 1231 2986; baseline 0 -18"><span class='ocrx_word' id='word_1_144' title='bbox 363 2909 438 2985; x_wconf 90' lang='lat' dir='ltr'>quid</span> <span class='ocrx_word' id='word_1_145' title='bbox 458 2910 580 2970; x_wconf 77' lang='lat' dir='ltr'>tonitru</span> <span class='ocrx_word' id='word_1_146' title='bbox 602 2913 657 2969; x_wconf 83' lang='lat' dir='ltr'>aut</span> <span class='ocrx_word' id='word_1_147' title='bbox 676 2912 798 2984; x_wconf 82' lang='lat' dir='ltr'>ventus,</span> <span class='ocrx_word' id='word_1_148' title='bbox 825 2908 939 2986; x_wconf 84' lang='lat' dir='ltr'>quidve</span> <span class='ocrx_word' id='word_1_149' title='bbox 960 2909 1100 2968; x_wconf 84' lang='lat' dir='ltr'>minetur</span> <span class='ocrx_word' id='word_1_150' title='bbox 1121 2908 1231 2969; x_wconf 86' lang='lat' dir='ltr'>hiems.</span> 
     </span>
     <span class='ocr_line' id='line_1_27' title="bbox 321 2987 1123 3085; baseline 0.002 -19"><span class='ocrx_word' id='word_1_151' title='bbox 321 3027 386 3066; x_wconf 90' lang='lat' dir='ltr'>non</span> <span class='ocrx_word' id='word_1_152' title='bbox 406 3028 463 3084; x_wconf 86' lang='lat' dir='ltr'>ego</span> <span class='ocrx_word' id='word_1_153' title='bbox 484 2987 639 3068; x_wconf 61' lang='lat' dir='ltr'>iatiuinor</span> <span class='ocrx_word' id='word_1_154' title='bbox 660 3029 722 3085; x_wconf 88' lang='lat' dir='ltr'>quo</span> <span class='ocrx_word' id='word_1_155' title='bbox 742 3010 846 3067; x_wconf 82' lang='lat' dir='ltr'>vertat</span> <span class='ocrx_word' id='word_1_156' title='bbox 866 3007 992 3083; x_wconf 85' lang='lat' dir='ltr'>regibus</span> <span class='ocrx_word' id='word_1_157' title='bbox 1014 3027 1123 3083; x_wconf 66' lang='lat' dir='ltr'>annus</span> 
     </span>
     <span class='ocr_line' id='line_1_28' title="bbox 362 3105 1021 3184; baseline 0 -19"><span class='ocrx_word' id='word_1_158' title='bbox 362 3125 453 3182; x_wconf 81' lang='lat' dir='ltr'>saepe</span> <span class='ocrx_word' id='word_1_159' title='bbox 473 3106 659 3184; x_wconf 84' lang='lat' dir='ltr'>requirendo</span> <span class='ocrx_word' id='word_1_160' title='bbox 681 3105 818 3182; x_wconf 82' lang='lat' dir='ltr'>praescia</span> <span class='ocrx_word' id='word_1_161' title='bbox 838 3106 930 3182; x_wconf 82' lang='lat' dir='ltr'>signa</span> <span class='ocrx_word' id='word_1_162' title='bbox 948 3105 1021 3180; x_wconf 89' lang='lat' dir='ltr'>poli</span> 
     </span>
     <span class='ocr_line' id='line_1_29' title="bbox 322 3203 1096 3281; baseline 0.001 -18"><span class='ocrx_word' id='word_1_163' title='bbox 322 3224 360 3263; x_wconf 92' lang='lat' dir='ltr'>ex</span> <span class='ocrx_word' id='word_1_164' title='bbox 381 3203 479 3264; x_wconf 85' lang='lat' dir='ltr'>oeulis</span> <span class='ocrx_word' id='word_1_165' title='bbox 499 3225 569 3264; x_wconf 85' lang='lat' dir='ltr'>mea</span> <span class='ocrx_word' id='word_1_166' title='bbox 590 3208 702 3264; x_wconf 74' lang='lat' dir='ltr'>cuneta</span> <span class='ocrx_word' id='word_1_167' title='bbox 723 3204 787 3264; x_wconf 89' lang='lat' dir='ltr'>tuis</span> <span class='ocrx_word' id='word_1_168' title='bbox 808 3203 976 3280; x_wconf 77' lang='lat' dir='ltr'>prudentia</span> <span class='ocrx_word' id='word_1_169' title='bbox 996 3204 1096 3281; x_wconf 84' lang='lat' dir='ltr'>fluxit,</span> 
     </span>
     <span class='ocr_line' id='line_1_30' title="bbox 362 3292 1033 3380; baseline 0.004 -19"><span class='ocrx_word' id='word_1_170' title='bbox 362 3323 413 3362; x_wconf 80' lang='lat' dir='ltr'>ars</span> <span class='ocrx_word' id='word_1_171' title='bbox 433 3322 503 3363; x_wconf 78' lang='lat' dir='ltr'>msa</span> <span class='ocrx_word' id='word_1_172' title='bbox 523 3306 599 3362; x_wconf 88' lang='lat' dir='ltr'>sunt</span> <span class='ocrx_word' id='word_1_173' title='bbox 621 3304 711 3380; x_wconf 80' lang='lat' dir='ltr'>oculi,</span> <span class='ocrx_word' id='word_1_174' title='bbox 736 3303 839 3363; x_wconf 83' lang='lat' dir='ltr'>sidera</span> <span class='ocrx_word' id='word_1_175' title='bbox 860 3292 953 3377; x_wconf 78' lang='lat' dir='ltr'>certa,</span> <span class='ocrx_word' id='word_1_176' title='bbox 977 3303 1033 3364; x_wconf 88' lang='lat' dir='ltr'>tui</span> 
     </span>
     <span class='ocr_line' id='line_1_31' title="bbox 322 3401 1140 3478; baseline 0.005 -19"><span class='ocrx_word' id='word_1_177' title='bbox 322 3401 394 3461; x_wconf 88' lang='lat' dir='ltr'>inde</span> <span class='ocrx_word' id='word_1_178' title='bbox 415 3401 485 3477; x_wconf 89' lang='lat' dir='ltr'>lego</span> <span class='ocrx_word' id='word_1_179' title='bbox 505 3401 580 3460; x_wconf 85' lang='lat' dir='ltr'>fidei</span> <span class='ocrx_word' id='word_1_180' title='bbox 599 3404 631 3460; x_wconf 89' lang='lat' dir='ltr'>et</span> <span class='ocrx_word' id='word_1_181' title='bbox 652 3402 771 3461; x_wconf 81' lang='lat' dir='ltr'>formae</span> <span class='ocrx_word' id='word_1_182' title='bbox 793 3422 871 3478; x_wconf 82' lang='lat' dir='ltr'>quae</span> <span class='ocrx_word' id='word_1_183' title='bbox 892 3402 1027 3462; x_wconf 84' lang='lat' dir='ltr'>destinet</span> <span class='ocrx_word' id='word_1_184' title='bbox 1049 3407 1140 3478; x_wconf 83' lang='lat' dir='ltr'>aetas,</span> 
     </span>
     <span class='ocr_line' id='line_1_32' title="bbox 365 3499 1068 3577; baseline 0.004 -19"><span class='ocrx_word' id='word_1_185' title='bbox 365 3499 450 3558; x_wconf 84' lang='lat' dir='ltr'>haud</span> <span class='ocrx_word' id='word_1_186' title='bbox 471 3499 530 3559; x_wconf 88' lang='lat' dir='ltr'>tibi</span> <span class='ocrx_word' id='word_1_187' title='bbox 551 3500 604 3558; x_wconf 87' lang='lat' dir='ltr'>sed</span> <span class='ocrx_word' id='word_1_188' title='bbox 626 3500 732 3577; x_wconf 87' lang='lat' dir='ltr'>generi</span> <span class='ocrx_word' id='word_1_189' title='bbox 754 3500 782 3559; x_wconf 94' lang='lat' dir='ltr'>si</span> <span class='ocrx_word' id='word_1_190' title='bbox 803 3501 961 3561; x_wconf 81' lang='lat' dir='ltr'>studuisse</span> <span class='ocrx_word' id='word_1_191' title='bbox 981 3500 1068 3561; x_wconf 84' lang='lat' dir='ltr'>velis.</span> 
     </span>
     <span class='ocr_line' id='line_1_33' title="bbox 325 3597 1139 3676; baseline 0.002 -20"><span class='ocrx_word' id='word_1_192' title='bbox 325 3597 471 3672; x_wconf 86' lang='lat' dir='ltr'>nolueris,</span> <span class='ocrx_word' id='word_1_193' title='bbox 496 3600 534 3658; x_wconf 85' lang='lat' dir='ltr'>de</span> <span class='ocrx_word' id='word_1_194' title='bbox 555 3601 646 3676; x_wconf 85' lang='lat' dir='ltr'>teque</span> <span class='ocrx_word' id='word_1_195' title='bbox 666 3599 726 3659; x_wconf 81' lang='lat' dir='ltr'>hou</span> <span class='ocrx_word' id='word_1_196' title='bbox 747 3619 901 3676; x_wconf 79' lang='lat' dir='ltr'>augur0r3</span> <span class='ocrx_word' id='word_1_197' title='bbox 930 3599 996 3674; x_wconf 85' lang='lat' dir='ltr'>ipse</span> <span class='ocrx_word' id='word_1_198' title='bbox 1016 3599 1139 3675; x_wconf 85' lang='lat' dir='ltr'>peribis,</span> 
     </span>
    </p>
   </div>
   <div class='ocr_carea' id='block_1_6' title="bbox 364 3697 1210 3826">
    <p class='ocr_par' dir='ltr' id='par_1_6' title="bbox 364 3697 1210 3826">
     <span class='ocr_line' id='line_1_34' title="bbox 364 3697 972 3775; baseline 0.005 -20"><span class='ocrx_word' id='word_1_199' title='bbox 364 3700 396 3756; x_wconf 86' lang='lat' dir='ltr'>et</span> <span class='ocrx_word' id='word_1_200' title='bbox 415 3697 535 3773; x_wconf 85' lang='lat' dir='ltr'>periere</span> <span class='ocrx_word' id='word_1_201' title='bbox 556 3697 612 3757; x_wconf 90' lang='lat' dir='ltr'>illo</span> <span class='ocrx_word' id='word_1_202' title='bbox 633 3697 734 3758; x_wconf 79' lang='lat' dir='ltr'>formu</span> <span class='ocrx_word' id='word_1_203' title='bbox 754 3698 891 3775; x_wconf 85' lang='lat' dir='ltr'>fidesque</span> <span class='ocrx_word' id='word_1_204' title='bbox 914 3698 972 3758; x_wconf 88' lang='lat' dir='ltr'>die.</span> 
     </span>
     <span class='ocr_line' id='line_1_35' title="bbox 1111 3791 1210 3826; baseline -0.01 0"><span class='ocrx_word' id='word_1_205' title='bbox 1111 3795 1135 3826; x_wconf 77' lang='lat' dir='ltr'>A.</span> <span class='ocrx_word' id='word_1_206' title='bbox 1153 3791 1173 3826; x_wconf 76' lang='lat' dir='ltr'>P.</span> <span class='ocrx_word' id='word_1_207' title='bbox 1185 3792 1210 3825; x_wconf 86' lang='grc' dir='ltr'>Β.</span> 
     </span>
    </p>
   </div>
   <div class='ocr_carea' id='block_1_7' title="bbox 0 0 1519 4478">
    <p class='ocr_par' dir='ltr' id='par_1_7' title="bbox 0 0 1519 4478">
     <span class='ocr_line' id='line_1_36' title="bbox 0 0 1519 4478; baseline 0 0"><span class='ocrx_word' id='word_1_208' title='bbox 0 0 1519 4478; x_wconf 95' lang='lat' dir='ltr'> </span> 
     </span>
    </p>
   </div>
  </div>
 </body>
</html>
