3018 4478
597 376 818 425 OXONIENSIS

667 983 754 1024 xxm

249 1078 406 1155 Despicit:
434 1082 527 1158 atque
548 1079 598 1139 illi
618 1080 712 1140 facies
733 1080 888 1140 latissima
907 1084 1008 1140 terrac

249 1182 385 1255 apparet,
409 1179 557 1255 sedesque
577 1178 745 1239 hominum
766 1178 970 1256 florentisque
990 1198 1084 1239 arva:

249 1276 300 1335 hic
321 1276 456 1337 Martem
475 1277 580 1338 videt:
609 1277 746 1337 excelsae
767 1280 855 1338 stant
874 1276 1015 1337 turribus
1036 1278 1135 1353 urbes,

248 1374 499 1453 conveniuntque
519 1375 582 1436 viri
601 1377 694 1437 vultu
714 1377 780 1435 fera
800 1375 883 1435 belia
903 1374 1069 1449 minantes,

249 1473 370 1550 ingenti
390 1472 498 1550 specie,
523 1473 571 1533 nil
592 1493 657 1533 non
677 1475 791 1534 audere
811 1473 918 1550 parati

248 1586 320 1644 pars
341 1567 466 1645 rapidos
486 1571 607 1628 exercet
628 1587 731 1644 equos,
756 1587 829 1645 pars
850 1567 968 1643 spicula
989 1571 1120 1645 gestant,

250 1664 373 1740 diversi,
397 1668 453 1726 aut
473 1665 572 1726 aciem
593 1666 670 1726 socii
690 1666 904 1742 glomerantur
924 1666 959 1724 in
979 1686 1093 1727 unam:

251 1764 302 1823 hic
322 1762 440 1840 equites
460 1764 555 1839 videt,
579 1764 632 1824 hic
651 1764 788 1841 pedites:
815 1763 904 1824 venit
923 1764 1061 1841 undique
1081 1765 1180 1840 miles,

251 1883 315 1922 non
334 1865 468 1922 temere:
495 1862 570 1922 hinc
590 1863 675 1922 idem
695 1882 827 1940 magnos
847 1863 928 1923 lecto
949 1864 1073 1941 agmine
1094 1866 1208 1942 tauros,

251 1963 357 2020 tauros
376 1963 409 2021 et
429 1962 522 2037 pleno
543 1961 697 2021 formosas
717 1962 811 2021 ubere
831 1981 940 2022 vaccas

249 2080 267 2117 e
289 2058 387 2135 pratis
408 2058 507 2135 abigit
525 2058 577 2119 vel
596 2059 766 2137 pinguibus
785 2059 878 2137 eripit
899 2061 981 2138 agris

250 2157 404 2234 lanigeras
424 2157 588 2234 praedator
609 2157 695 2219 ovis:
722 2158 777 2218 vix
797 2158 942 2218 hostibus
962 2158 1029 2235 ipse

250 2256 423 2333 effugeres
444 2256 557 2316 mediis
578 2255 736 2333 sociosque
758 2275 909 2316 arcessere
929 2259 1052 2333 pastor:

250 2354 299 2414 illi
318 2354 442 2431 adsunt,
466 2355 628 2432 multoque
649 2354 751 2414 oritur
771 2374 844 2414 cum
864 2354 1016 2432 sanguine
1037 2374 1150 2433 pugna.

251 2454 369 2513 crudeli
389 2454 464 2514 ludo
485 2473 518 2514 se
539 2452 722 2514 commisere
742 2454 906 2515 cohortes:

252 2571 313 2628 qua
333 2552 427 2612 modo
447 2552 614 2629 pascebant
634 2553 774 2629 pecudes,
798 2551 933 2613 ridentia
953 2554 1041 2628 prata

252 2670 337 2709 nunc
358 2651 478 2710 deserta
498 2650 616 2711 iacent:
643 2669 727 2710 nunc
747 2650 866 2727 passim
886 2652 986 2711 strata
1006 2652 1151 2709 cruentos

252 2768 339 2808 arma
359 2748 466 2809 virum
486 2767 611 2824 campos
630 2751 663 2808 et
683 2767 790 2825 sparsa
810 2748 959 2809 cadavera
980 2748 1114 2808 foedant

253 2849 353 2907 castra
372 2847 478 2907 locant
498 2846 553 2906 alii
572 2849 605 2906 et
626 2846 785 2906 munitam
805 2845 983 2906 comminus
1004 2846 1116 2906 urbem

252 2945 412 3005 obsidione
432 2947 581 3021 premunt
601 2944 752 3021 scalisque
773 2947 828 3004 aut
849 2943 943 3004 ariete
964 2945 1128 3022 temptant,

252 3043 444 3104 effodiuntve
465 3042 588 3104 aditus:
615 3042 665 3102 illi
684 3044 721 3103 de
742 3043 906 3104 moenibus
927 3043 1051 3103 hostem

252 3141 439 3219 proturbant
458 3141 568 3201 iaculis
587 3145 620 3202 et
639 3160 713 3202 saxa
734 3161 770 3202 ac
790 3141 919 3203 sulfuris
941 3141 1048 3219 ignem

251 3240 429 3317 proiciunt:
458 3241 565 3301 caedes
585 3243 617 3300 et
637 3240 718 3301 facta
738 3242 878 3319 ingentia
897 3241 1054 3320 utrinque.

1077 3353 1103 3387 A.
1115 3351 1140 3387 I).
1153 3351 1177 3387 G·
