3028 4468
861 154 865 159 ⁵
910 142 1013 161 *fftfi.*p.

822 169 843 192 ,ν’
873 181 876 189 ,
904 168 941 205 ¹⁰)
1028 175 1039 187 ι“

809 196 819 212 γ’
875 194 880 215 l
938 194 972 217 ⁸..
992 198 999 213 1
1027 198 1032 219 ’,

783 294 789 321 ,
834 293 840 301 .
866 302 872 309 ,

591 334 806 425 oxomensis

907 542 977 565 “MA

653 558 749 600 cnxw

237 670 300 730 Gur
321 690 395 730 vero
416 671 451 729 in
471 671 597 730 tristem
617 675 744 749 tempus
765 673 891 732 crudele
911 675 1085 749 tyrannum

278 768 359 828 bella
380 769 480 845 magis
499 769 604 830 valido
625 790 690 829 11011
711 771 794 848 geris
815 770 882 846 ipse
902 772 1022 832 modo?

237 886 256 925 0
278 867 305 926 si
326 868 498 944 decrepitos
518 869 610 928 iacias
631 869 812 928 munimina
832 870 866 928 in
886 889 986 929 annos

277 965 335 1025 hac
356 966 455 1026 sterili
475 970 583 1026 nostra
602 969 796 1045 prosperiora
816 969 902 1044 lyra!

237 1066 301 1123 stas
321 1084 406 1124 nunc
427 1066 462 1124 in
482 1085 644 1125 summum
664 1069 774 1126 vectus
794 1066 936 1125 felicibus
956 1065 1049 1141 horis,

276 1165 420 1240 castaque
440 1164 582 1240 virgineo
604 1164 736 1241 despicis
758 1183 831 1223 arva
852 1164 918 1223 solo
929 1186 937 1237 ;

236 1263 326 1336 casta,
350 1263 405 1321 sed
426 1264 458 1320 et
478 1262 569 1321 vivos
589 1262 737 1338 praebere
757 1262 895 1320 volentia
915 1261 1013 1335 flores,

275 1360 408 1436 plusque
428 1360 580 1420 relaturos
602 1380 697 1437 quam
718 1360 884 1419 simulacra
905 1359 960 1420 tui.

234 1457 308 1517 viva
326 1459 426 1535 figura
447 1462 535 1519 tuam
555 1461 677 1536 reparat
698 1459 741 1518 sic
763 1459 896 1534 denique
916 1458 1024 1532 vitam,

275 1558 357 1632 quod
378 1557 496 1616 calamo
516 1561 569 1617 aut
590 1558 705 1617 tabulis
726 1577 777 1617 ars
796 1558 946 1617 hodierna
966 1557 1082 1633 nequit,

234 1674 299 1713 11011
320 1654 412 1713 decus
432 1656 605 1729 externum,
629 1675 694 1714 non
714 1656 801 1715 intus
822 1655 965 1715 acumina
985 1655 1108 1728 mentis,

274 1773 339 1811 11011
359 1755 391 1811 11
412 1753 538 1812 demum
560 1753 630 1812 aliis
650 1773 765 1829 ponere
785 1754 875 1812 docta
895 1753 978 1813 viris.

234 1853 266 1910 at
287 1852 388 1911 dando
410 1855 445 1910 tu
466 1855 498 1911 11
518 1871 631 1927 servas,
656 1852 801 1929 dulcique
823 1871 947 1911 necesse
968 1855 1015 1912 est

275 1953 310 2010 tu
331 1952 418 2011 vivas
439 1971 530 2028 opera
550 1951 691 2028 sculptus
713 1951 752 2011 ab
773 1951 839 2027 ipse
859 1953 923 2009 tua.

648 2325 729 2366 0va

233 2429 385 2507 Coniugio
406 2431 444 2490 ad
465 2430 591 2504 lectum,
615 2431 705 2490 fessis
725 2430 781 2489 ubi
801 2430 905 2489 debita
926 2429 1076 2489 membris

272 2529 337 2588 otia
357 2531 427 2605 post
447 2530 578 2606 longum
599 2532 687 2606 grata
707 2532 855 2605 parantur
877 2548 974 2604 opus:

231 2646 321 2686 mens
340 2629 446 2686 tamen
467 2628 596 2686 effertur
615 2627 728 2687 studiis
751 2646 879 2703 operosa
897 2624 1038 2685 vicissim

271 2728 303 2784 et
324 2725 427 2802 posito
448 2728 570 2785 exercet
591 2727 683 2785 corda
702 2726 810 2785 labore
831 2724 926 2783 labor.

232 2842 307 2883 nam
328 2823 434 2900 procul
454 2823 530 2882 hinc
551 2827 660 2901 raptus
681 2825 764 2884 feror
783 2823 818 2882 in
839 2822 1011 2899 longinqua
1031 2822 1184 2898 locorum,

270 2925 302 2982 et
323 2923 374 2999 pia
394 2926 426 2982 te
446 2942 554 2982 versus
575 2942 665 2982 mens
686 2922 858 2982 meditatur
879 2921 955 2981 iter:

231 3041 288 3080 nec
309 3041 380 3081 mea
401 3020 589 3081 clauduntur
609 3020 789 3099 languentia
809 3020 932 3079 lumina
952 3040 1073 3094 somne,

270 3120 398 3196 visaque
420 3140 483 3179 11011
504 3120 603 3180 caecis
624 3120 763 3179 cernitur
783 3122 855 3179 ante
875 3122 992 3178 torum.

230 3223 262 3279 at
282 3220 367 3279 subit
388 3220 423 3278 in
442 3219 548 3279 visum
569 3219 743 3295 mediisque
765 3217 925 3294 effingitur
944 3217 1066 3277 umbris

270 3319 389 3391 umbra,
414 3318 463 3377 tui
482 3318 585 3395 qualis
606 3318 743 3394 corporis
764 3318 864 3377 instar
884 3318 986 3377 habet.

228 3417 291 3492 illa,
314 3417 402 3477 velut
423 3416 590 3494 splendens
610 3417 766 3477 horrenda
786 3420 877 3476 nocte
898 3415 1032 3493 lapillus,

269 3518 323 3577 (111
343 3518 444 3591 decus,
468 3517 613 3593 antiquae
634 3516 736 3576 nectis
756 3519 788 3576 et
810 3536 863 3575 ora
883 3519 989 3576 novat.

229 3616 273 3675 sic
293 3635 364 3676 mea
384 3617 528 3675 membra
548 3615 608 3691 die,
632 3615 677 3674 sic
698 3634 789 3674 mens
808 3616 840 3674 te
862 3617 952 3675 nocte
974 3612 1135 3691 requirens

269 3717 391 3775 aestuat
411 3714 541 3774 alternis
562 3714 730 3790 irrequieta
750 3713 850 3773 malis.

1057 3805 1082 3839 A.
1094 3805 1114 3839 J,
1128 3804 1152 3839 B.

268 3892 294 3937 17
