3018 4478
616 360 831 410 OXONIENSIS

684 635 763 677 xm

303 732 354 791 Sic
375 731 427 807 ait,
451 730 611 792 arridensz
638 732 786 809 plausum
806 731 1073 810 ingeminavimus
1094 731 1172 807 ipsi:

262 876 294 933 at
314 891 410 949 parva
431 872 570 950 ingentis
591 872 697 933 Ultrix
719 873 875 950 procurrit
896 873 931 933 in
950 873 1052 933 hostis

260 1032 315 1087 per
334 1012 516 1089 mediosque
537 1013 617 1073 ruit:
640 1013 690 1073 cui
711 1016 838 1073 centum
859 1014 899 1073 ad
919 1016 1057 1075 transtra
1078 1014 1199 1074 sodales

261 1154 354 1227 stant,
379 1152 462 1213 avidi
484 1153 624 1212 conferre
646 1173 787 1230 manum,
811 1174 884 1230 pars
905 1156 1006 1214 cetera
1027 1154 1060 1213 in
1083 1154 1171 1214 alveo

262 1311 352 1368 aegra
373 1293 460 1353 iacet.
504 1292 624 1352 circum
645 1293 754 1353 dextra
774 1293 923 1370 laevaque
944 1294 1126 1370 frequentes

260 1432 391 1492 hostiles
411 1432 535 1494 inhiare
555 1436 645 1494 rates.
688 1453 744 1511 per
764 1435 912 1512 aplustra,
935 1455 992 1512 per
1011 1435 1113 1494 undas

262 1572 405 1647 protinus
423 1574 493 1650 ipsa
513 1574 585 1650 ruit,
609 1575 800 1652 moliturque
821 1562 954 1652 impigra
976 1595 1110 1636 cursum.

262 1721 418 1797 plurimus
437 1722 547 1783 irridet
568 1724 660 1784 miles
681 1725 719 1784 de
740 1724 897 1802 puppibus
918 1724 1000 1785 altis.

262 1866 419 1943 plurimus
440 1868 551 1927 audaci
571 1869 711 1930 convicia
731 1873 828 1929 nauta
848 1870 976 1947 phaselo

262 2011 392 2088 ingerit:
421 2011 477 2072 illa
497 2013 590 2089 subit,
614 2033 679 2073 non
700 2014 874 2074 enarrabile
896 2016 985 2075 eunti

262 2157 338 2216 dum
359 2156 443 2216 latus
463 2157 641 2234 aeriamque
662 2157 792 2235 opponit
813 2159 924 2236 Caspia
944 2160 1070 2235 molem,

262 2300 379 2360 montis
400 2320 486 2377 opus,
511 2302 562 2361 cui
582 2302 752 2379 multiplici
772 2302 960 2363 creberrima
981 2324 1075 2365 versu

261 2443 408 2503 machina
429 2444 539 2504 Martis
558 2445 636 2506 hiat.
680 2446 895 2523 superingruit
915 2446 978 2522 illa,
1003 2468 1060 2507 nec
1081 2447 1166 2508 ultra

262 2587 332 2646 vela
352 2591 444 2648 notos
465 2589 597 2666 implere
618 2590 713 2652 sinit:
740 2590 827 2651 stetit
850 2610 982 2668 aequore
1003 2592 1101 2651 navis.

303 2733 351 2791 Ac
370 2732 473 2792 veluti
493 2733 601 2809 nubes,
625 2734 721 2795 Pater
740 2735 823 2794 unde
844 2734 989 2794 sonantia
1009 2735 1103 2812 longe

262 2877 324 2936 tela
344 2876 458 2937 iterare
477 2880 575 2955 parat,
600 2878 645 2937 sio
665 2897 723 2938 nos
744 2898 840 2956 super
860 2879 1062 2956 impendebat

263 3019 381 3099 Caspia.
426 3025 459 3082 at
478 3022 589 3082 hostili
609 3042 728 3100 puppes
749 3043 766 3083 e
787 3023 886 3083 alasse
906 3027 1083 3101 quaternae,

263 3168 371 3227 dextra
393 3169 472 3228 duae
493 3169 577 3243 ratis,
602 3170 773 3246 emergunt,
798 3168 993 3245 totidemque
1015 3171 1143 3230 sinistra

263 3331 398 3389 aequora
417 3313 564 3387 sortitae;
591 3314 753 3391 prorisque
773 3333 791 3373 a
812 3316 962 3391 quattuor
983 3315 1067 3374 idem
1180 3375 1184 3386 ,

263 3454 404 3529 prorupit
425 3452 529 3531 fragor
550 3472 586 3513 aa
607 3453 694 3514 rauci
713 3474 774 3515 vox
795 3454 895 3514 ferrea
916 3455 1035 3515 Martis.

305 3597 369 3657 Nec
389 3600 497 3658 tamen
517 3598 585 3675 ipsa
606 3599 661 3658 diu
681 3617 813 3659 vesanae
835 3600 944 3676 Caspia
964 3619 1087 3678 pugnae

264 3742 401 3804 suffecit:
429 3745 518 3804 tanta
538 3744 721 3820 turgescunt
740 3743 859 3804 viscera
879 3747 984 3820 peste:
