3028 4468
590 334 806 383 OXONIENSIS

645 941 730 981 cxxx

196 1037 231 1095 K.
263 1034 356 1100 Γόους
379 1035 414 1099 ἔα
436 1033 486 1099 καὶ
508 1040 606 1119 χοῖρε·
638 1036 891 1118 κεροτυπούμενος

260 1147 486 1232 ἑκατογκοράυῳ
510 1146 653 1232 κνωδάλιρ
675 1147 865 1226 μεθίσταμαι·

166 1326 169 1333 7
259 1263 317 1321 ποῦ
339 1256 365 1322 δ’
387 1260 463 1339 ἔστί,
484 1264 586 1341 μῆτερ,
607 1259 628 1338 ἡ
649 1258 769 1341 πάροιθ’
792 1258 931 1342 εὐψυχία,

258 1367 277 1456 ᾗ
301 1371 417 1451 πρόσθε
439 1371 581 1450 βάσανον
601 1370 730 1453 τάσχατ’
753 1370 886 1449 ηὕδησος
908 1377 1038 1452 φρενῶν,

258 1483 388 1564 τυχόντα
409 1482 477 1548 τοὺς
499 1483 645 1565 τυχόντας
668 1482 841 1563 ἀνθρώπους
865 1482 979 1564 φέρειν,

260 1595 314 1657 κᾶν
337 1619 383 1658 τοι
406 1592 523 1681 γαλήνῃ
546 1594 644 1659 πάντα
667 1592 840 1677 πρυμνήτην
863 1596 973 1674 σοφόν·

259 1708 285 1770 εί
307 1704 333 1771 δ’
355 1708 388 1770 έκ
411 1705 504 1787 τύχης
526 1732 572 1772 τις
595 1706 713 1787 καιρίαν
735 1703 931 1785 βεβλημένος

258 1822 379 1900 πληγὴν
401 1819 505 1882 ἔπειτα
526 1820 602 1897 μηδὲ
624 1815 672 1881 καὶ
695 1814 878 1899 τετρωμένος

257 1930 443 2013 έξηγρίωται,
465 1935 553 1994 τοῦτο
575 1930 714 2012 γενναίας
736 1928 854 2013 τέχνης·

257 2046 390 2106 τοσαῦτα
412 2041 437 2105 δ’
460 2043 562 2122 ὕμνεις
584 2041 659 2124 πρὸς
681 2045 793 2123 φρενὸς
816 2039 1002 2105 κατάστασιν

257 2154 338 2232 ὥστ’,
362 2156 389 2218 εἰ
410 2153 502 2233 μάθοι
524 2179 578 2233 τις,
601 2159 716 2219 παντὸς
737 2152 775 2216 ὃν
798 2158 917 2234 κρατεῖν
940 2159 1040 2216 κακοῦ.

192 2271 226 2329 Γ.
253 2266 373 2346 ἥταῦτ’
396 2265 522 2344 ἀκούετ’,
545 2263 568 2329 ὦ
592 2270 668 2330 θεῶν
692 2266 815 2344 ὀμιλία;

192 2383 226 2441 Κ.
258 2377 403 2459 στέργειν,
426 2378 522 2460 γόυαι,
545 2374 615 2460 χρή,
637 2380 713 2456 μηδὲ
735 2380 898 2441 λυπεῖσθαι
920 2378 1000 2442 λίαν.

192 2493 236 2551 Μ.
263 2488 333 2552 ἀλλ’
357 2488 608 2570 ἔγκοτοσκήψοσ’
631 2490 781 2553 άῖστόσαι
804 2488 896 2554 νόσος

255 2602 331 2665 ὅσας
353 2626 398 2667 τις
421 2602 510 2665 ἀσκεῖ
532 2598 605 2663 κατὰ
628 2601 720 2665 πόλιν
742 2600 939 2683 χειρουργίας.

192 2715 227 2773 Κ.
255 2711 324 2776 εἶεν·
355 2713 448 2792 φίλος
469 2712 527 2793 γὰρ
550 2713 583 2776 οὐ
605 2713 709 2794 παρὸν
731 2711 910 2793 γενήσομαι.

256 2823 324 2886 ἄλλ’
349 2825 418 2902 ε’ίθε,
440 2826 542 2905 μῆτερ,
565 2823 645 2888 ταῦτ’
669 2824 752 2907 ἔχοις
776 2823 954 2904 φρονήματα

256 2936 305 2998 καὶ
328 2933 444 3015 πρόσθ’,
468 2934 510 2998 ὅτ’
535 2936 639 3017 ἔλεγες
662 2936 690 3000 εἴ
710 2936 779 2999 ποθ’
800 2932 987 3016 Ἡρακλέους
1011 2933 1106 3016 δάμαρ

255 3046 333 3127 ἦσθ’,
357 3048 463 3129 ἀνδρὸς
488 3050 624 3112 ἐκπονεῖν
647 3046 685 3111 ἂν
707 3046 743 3126 ἓξ
763 3050 870 3125 τλῆναι
893 3045 1002 3112 πόνους

250 3158 289 3222 ἵν’
311 3159 400 3225 αὐτὸς
423 3158 525 3237 ἧσσον
549 3158 703 3239 ἀπέκαμεν
724 3162 847 3244 μοχθῶν
869 3157 971 3223 τόσου.

1058 3276 1083 3312 ο.
1095 3276 1116 3312 s.
1129 3277 1154 3312 ιι.
