3028 4468
630 344 846 393 OXONIENSIS

692 513 777 555 cxxv

323 609 435 692 Πάτερ,
458 609 618 693 κατάσχες·
653 610 766 692 οὐγὰρ
789 611 868 672 ἀλλο
890 607 1022 690 σάμερον

322 712 340 793 ἢ
363 721 471 795 μοῖραν
492 714 678 794 έκπίμπλημι
700 714 756 792 τὴν
780 718 857 777 θεῶν
877 714 936 776 ὕπο

321 815 388 898 ἐμοὶ
410 816 561 901 γενομένῳ
585 816 742 899 σύμφυτον
764 815 971 896 πεπρωμένην·

322 922 361 984 σὺ
383 922 408 985 δ’
431 923 563 987 ἐκτελεῖς
585 921 619 985 τὸ
643 926 724 985 θεῖον
746 921 892 1004 ἀγνώστῳ
914 921 990 1002 χερί.

321 1030 412 1105 θυμὸς
437 1023 493 1105 γὰρ
516 1023 677 1107 ἐξήγγειλέ
699 1024 739 1103 σ’,
762 1026 846 1090 ὅστις
868 1022 946 1102 ἦσθ’,
970 1024 1049 1102 έμός,

321 1131 390 1192 έπεί
410 1155 447 1193 σε
470 1136 588 1210 πρῶτον
612 1129 701 1202 εἶδον,
724 1128 783 1192 οὐδ’
808 1129 824 1189 ὁ
847 1128 910 1205 σός,
933 1126 1036 1208 πάτερ,

322 1232 398 1313 σάφ’
421 1232 484 1310 οἶδ’,
508 1232 637 1315 έσίγησ’·
669 1233 751 1294 ἀλλὰ
772 1229 894 1315 χαλκέῳ
918 1227 986 1292 nobi

320 1337 338 1415 ἡ
362 1342 450 1416 μοῖρα
473 1335 536 1399 τάδ’
559 1336 720 1415 έπάτησεν·
750 1335 804 1413 ἥδε
826 1335 881 1423 τὴν
902 1333 1004 1415 μάχην

320 1442 469 1520 συνῆψεν,
491 1439 538 1518 ἥδ’
560 1438 667 1522 ἔρριψέ
686 1438 717 1519 μ’
740 1436 790 1502 ἐπὶ
813 1444 924 1519 πατρὸς
946 1440 1035 1519 δόρει.

321 1541 370 1606 καὶ
392 1544 563 1623 ταῦταμὲν
586 1549 729 1625 σιγῶμεν·
761 1540 892 1623 έξεάρηκ’
915 1543 974 1623 ἐγὼ

319 1650 373 1711 τὸν
395 1646 507 1728 πάτερ’·
537 1649 645 1727 ὄνησιν
667 1645 754 1710 τοῦδέ
774 1646 803 1729 γ’
825 1648 994 1726 ὑπολαβεῖν
1016 1642 1047 1724 μ’
1069 1645 1112 1709 έα.

318 1749 357 1812 ἴθ’
380 1750 441 1827 οὖν,
464 1753 496 1815 έν
519 1751 605 1835 ἄμμῳ
628 1751 699 1838 τῇδε
720 1777 772 1831 μοι
795 1748 963 1830 παρήμενος

319 1853 415 1917 ἀπτοο
436 1879 469 1916 τε
492 1860 599 1934 κρατὸς
620 1854 721 1937 χερσί,
745 1855 795 1917 καὶ
817 1850 963 1934 παρηΐδας
1034 1858 1036 1864 ’

319 1958 421 2031 κύσον,
444 1961 548 2036 διῆνον
570 1959 717 2041 δακρύοις,
738 1959 849 2040 λέγων,
871 1956 995 2021 Τέκνον.

319 2059 366 2125 καὶ
389 2068 511 2127 σπεῦδε·
540 2063 645 2142 μικρὸς
667 2061 716 2126 καῖ
738 2061 833 2145 ταχὺς
853 2064 926 2141 βίον
949 2061 1058 2144 χρόνος

318 2166 383 2244 ἐμοὶ
405 2170 565 2247 μετρεῖται·
595 2167 644 2229 καὶ
666 2166 723 2249 γὰρ
747 2168 902 2246 ἀστραπῆς
925 2165 1009 2242 δίκην

318 2273 495 2349 προσῆλθον
518 2270 644 2348 ἐνταῦθ’,
668 2270 707 2336 ὡς
730 2269 807 2347 πνοὴ
831 2268 856 2333 δ’
879 2267 1058 2352 ἀπέρχομαι,

318 2373 477 2452 αἰφνίδιος,
501 2372 586 2449 ὠκύς,
608 2375 647 2441 ὡς
669 2373 854 2457 ταχύπτερος
875 2370 961 2450 πνοή.

319 2476 389 2538 ἀλλ’
412 2476 470 2541 ὧδέ
493 2502 557 2543 πως
580 2480 701 2559 εἵμαρτο
724 2483 786 2544 τοῖς
809 2480 889 2542 θεοῖς
910 2480 944 2538 τὸ
968 2475 1046 2555 πρίν.

994 2575 1016 2609 0·
1033 2574 1061 2609 Η.
1077 2573 1111 2608 ST·
1129 2573 1154 2608 L.
1171 2575 1195 2608 R·

675 2674 772 2716 CXXVI

311 2768 461 2829 Protinus
481 2768 626 2828 insiliens
646 2769 775 2829 cumbae
796 2767 967 2827 retinacula
988 2766 1073 2843 fregi,

310 2887 426 2944 perque
448 2867 515 2927 dies
535 2871 658 2943 septem
678 2868 811 2927 iactatus
831 2867 866 2925 in
885 2885 1016 2943 aequore
1037 2868 1126 2925 vasto

310 2968 342 3024 et
362 2967 472 3025 lunam
493 2985 619 3024 mecum
639 2965 883 3042 comitantiaque
903 2967 987 3024 astra
1007 2963 1161 3024 videbam.

311 3064 445 3139 septima
466 3084 529 3123 nox
549 3064 663 3139 aderat,
688 3063 789 3141 posito
810 3083 882 3122 cum
902 3062 1028 3123 flamine
1049 3061 1137 3122 venti

310 3162 418 3221 audivi
439 3162 527 3221 duris
547 3181 691 3222 resonare
711 3161 903 3221 anfractibus
923 3180 1011 3219 oram

310 3261 342 3317 et
362 3259 492 3318 tandem
514 3259 643 3319 inlisum
663 3260 747 3320 saxis
768 3261 893 3320 haerere
914 3258 1053 3318 carinam

309 3356 451 3433 margine
472 3358 581 3417 litoreo
601 3358 705 3432 sensi3
733 3361 804 3418 tum
825 3358 956 3433 desuper
976 3377 1079 3416 arcem

309 3455 490 3515 Phaeacum
511 3456 697 3532 impendere,
721 3460 754 3516 et
774 3477 839 3517 non
859 3457 926 3517 sine
947 3456 1077 3515 numine
1098 3456 1203 3515 turris.

309 3552 365 3612 illa
384 3553 473 3613 velut
493 3574 586 3630 rupes
606 3554 678 3630 rupi
698 3556 897 3631 superaddita
918 3555 1016 3615 moles

309 3655 473 3728 portarum
493 3652 614 3729 ingenti
634 3653 763 3730 pelagus
784 3653 943 3730 spectabat
963 3654 1105 3729 apertum

308 3750 447 3827 discidio,
471 3754 504 3810 et
523 3751 622 3811 scalae
644 3751 885 3813 devertebantur
905 3753 940 3812 in
960 3751 1068 3810 undas.
