3028 4468
631 373 846 421 OXONIENSIS

676 745 809 786 CXXXVII

360 842 443 918 Ergo
464 861 520 917 per
541 842 605 900 alta
625 844 734 913 noetis,
758 845 795 901 ut
816 842 981 918 spirabiles

400 942 508 1015 pacata
530 940 606 999 dant
627 959 721 999 aurae
740 941 819 1014 loca,

360 1058 432 1097 eum
453 1038 528 1096 luna
548 1058 628 1114 pure
649 1039 791 1098 fundite
813 1039 897 1099 eaelo
918 1039 1009 1098 iubar

402 1138 548 1212 retroque
569 1136 705 1196 subsidit
725 1137 828 1196 salum
839 1158 847 1211 ;

360 1254 432 1293 eum
453 1234 598 1293 suaviora
618 1234 748 1294 flamina
768 1236 906 1311 aspirant
925 1236 1005 1294 mari

402 1334 439 1393 de
460 1335 569 1393 monte
589 1334 720 1394 floribus
740 1336 815 1408 sate,

361 1432 533 1508 umbraque
554 1452 647 1509 rupes
668 1432 841 1509 nigricante
862 1433 1010 1492 candidos

401 1527 520 1590 tractus
540 1530 727 1590 harenarum
747 1533 875 1590 notant:

359 1629 424 1686 iam
444 1632 520 1688 tune
541 1630 579 1688 ad
601 1648 677 1705 oras,
702 1629 766 1688 lata
788 1630 864 1689 dum
886 1633 996 1707 regnat
1017 1630 1112 1706 quies,

403 1728 552 1802 sinusque
573 1747 680 1786 eamus
701 1727 850 1804 fulgidos,

361 1844 421 1900 qua
442 1825 523 1885 clara
543 1824 619 1884 litus
640 1826 710 1902 alga
729 1846 786 1901 per
805 1826 936 1902 longum
957 1826 1053 1886 micat

402 1922 508 1982 refluis
529 1923 637 1983 relicta
658 1923 817 1984 fluetibus.

359 2023 479 2080 stantes
499 2022 626 2081 harenis
646 2021 797 2098 oppidum
818 2022 1014 2082 intuebimur

401 2120 498 2179 iacere
519 2120 666 2196 sopitum,
690 2121 794 2195 silens,

360 2220 578 2296 templumque
599 2241 697 2297 prono
719 2222 838 2280 mentis
859 2221 1045 2297 impositum
1066 2223 1156 2298 iugo:

401 2319 438 2379 ad
461 2319 525 2377 ima
547 2319 660 2378 dehine
681 2320 860 2380 redibimus

364 2416 467 2490 ‘illie'
488 2436 645 2491 sanemus,
673 2418 834 2478 ‘conditur
855 2438 962 2478 aarum
983 2420 1083 2494 eaput,

400 2518 433 2575 at
452 2516 508 2574 illa
529 2515 607 2574 duro
627 2518 750 2591 pectore

358 2613 483 2690 fugiens
502 2614 537 2672 in
560 2634 654 2673 omne
675 2616 800 2691 tempus
821 2615 961 2674 orbatam
984 2614 1067 2673 senis

400 2713 521 2788 prolem
541 2712 670 2789 reliquit
690 2713 825 2773 Nereos.'

1112 2826 1124 2857 J
1127 2847 1131 2856 .
1145 2825 1169 2857 A.
1181 2825 1205 2857 G.

665 3148 812 3189 CXXXVIII

371 3241 493 3307 Μάτοιο
516 3249 648 3323 κομπεῖς,
672 3245 757 3309 ὅστις
780 3243 815 3322 εἶ,
837 3245 971 3324 σκληρὸν
993 3242 1075 3323 κάρα·

369 3347 483 3429 οὐγὰρ
506 3348 545 3410 σὺ
568 3346 604 3427 δή
625 3347 655 3427 μ’
679 3347 822 3425 ἔκτεινας,
846 3343 869 3408 ὦ
892 3348 1090 3428 σεμνόστομε,

369 3451 465 3532 πατὴρ
487 3452 529 3530 δέ,
554 3451 658 3518 καύτὸς
682 3450 860 3532 φιλοπάτωρ
882 3449 959 3532 ἄγαν
982 3452 1098 3531 φανείς.

370 3558 396 3617 εἰ
418 3554 476 3638 γὰρ
499 3555 572 3636 πρὸς
594 3554 702 3629 ἄνδρας
723 3560 833 3635 μοῦνος
856 3554 1003 3632 ἀντέστην
1026 3555 1097 3619 δέκα

369 3661 449 3724 οἵους
472 3660 510 3722 σε’
531 3659 570 3742 γ’,
592 3661 654 3725 οἶος
677 3659 696 3738 ἦ
719 3658 811 3739 πάρος
833 3659 918 3737 τῆσδ’
940 3658 1061 3740 ἡμέρας,

371 3769 464 3828 κεῖνοι
485 3765 540 3843 μὲν
563 3761 611 3827 ὧδ’
631 3762 736 3828 ἔκειντ’
761 3763 807 3838 ἄν,
831 3761 955 3842 εἶστήκη
977 3761 1003 3825 δ’
1027 3763 1095 3844 ἐγώ.
