3018 4478
206 740 269 799 Hie
290 740 378 814 mihi,
403 760 475 800 eum
497 739 681 801 dolui-nee
701 759 793 800 mens
813 739 921 816 ignare
942 738 1087 800 dolorum
1107 744 1207 814 esi,—

247 836 305 913 hie,
330 858 391 915 quo
412 837 541 897 solliciti
561 857 694 915 eumque
714 838 815 898 tulere
834 838 936 914 pedes,

206 955 276 1012 spes
295 938 363 996 erat
382 938 539 997 extremae
560 936 689 996 tandem
709 935 777 997 fore
797 937 937 1012 tempore
957 934 1041 996 vitae

246 1036 377 1110 poneret
396 1038 432 1094 ut
452 1034 611 1112 placidum
631 1036 740 1094 nostra
761 1035 885 1094 senecia
905 1033 1020 1094 larem:

204 1132 334 1192 vitalem
354 1135 391 1194 ui
411 1153 537 1210 possem
556 1132 712 1209 parcendo
733 1151 856 1208 pascere
877 1132 1041 1191 flammam

246 1251 285 1291 ne
306 1230 406 1292 nimie
425 1231 569 1309 proprias
589 1232 729 1308 carperet
748 1230 821 1308 igne
841 1230 934 1292 isses.

205 1328 256 1389 hic
277 1331 418 1406 poteram
438 1328 710 1390 doetus—faeiunt
730 1347 787 1389 sue
808 1348 964 1406 quemque
983 1327 1196 1405 superbum—

246 1448 324 1505 quee
345 1430 451 1505 stupet
471 1426 595 1488 insueta
614 1427 751 1488 rusticus
771 1446 846 1487 aure
866 1426 961 1503 loqui,

204 1527 367 1604 multaque
388 1546 467 1604 quae
486 1525 554 1587 vidi
573 1524 691 1603 passim
712 1525 857 1603 sensique
877 1525 980 1586 viator

245 1625 284 1685 ud
304 1624 498 1703 vespertinos
519 1623 702 1701 explicuisse
723 1624 825 1685 focos:

205 1725 301 1800 utque
321 1723 411 1800 lepus
431 1722 561 1783 canibus
579 1721 692 1799 pulsus
711 1721 866 1799 turbaque
885 1724 1074 1800 sequenium

245 1840 335 1899 aeger
354 1820 421 1881 edii
440 1822 561 1896 nolum,
585 1819 709 1898 fugerat
729 1820 821 1897 unde,
844 1820 958 1897 locum,

205 1920 264 1979 hoe
283 1922 350 1980 emi
369 1918 405 1978 in
424 1919 516 1994 votis,
540 1919 577 1978 ui
598 1918 686 1995 longi
704 1918 767 1979 fine
788 1917 906 1979 doloris

245 2036 330 2077 mors
350 2016 463 2077 saltem
482 2016 585 2093 patrie
605 2016 664 2077 sub
685 2016 750 2077 lare
770 2018 879 2077 nestra
899 2016 989 2078 ferei

204 2115 263 2175 hos
284 2114 406 2175 utinam
425 2117 564 2193 peterem
584 2114 671 2175 senio
690 2117 839 2192 vergente
860 2134 998 2176 recessus

244 2214 352 2291 fasque
372 2212 454 2274 forei
474 2231 563 2274 curas
583 2212 635 2273 hie
655 2213 796 2291 posuisse
816 2215 921 2274 messi

203 2311 279 2371 felix
300 2332 319 2374 ο
339 2293 484 2388 riimium,
508 2311 559 2372 eui
580 2330 658 2388 quos
678 2311 754 2371 tulit
773 2313 846 2372 ante
867 2311 1011 2372 laborum

243 2409 375 2487 conligit
394 2411 470 2471 haee
491 2409 613 2487 requies
633 2409 872 2487 perfugiumque
893 2409 979 2470 seni:

203 2508 256 2584 qui
277 2508 344 2568 locs
364 2508 526 2569 blanditiis
546 2507 690 2568 animum
710 2507 878 2570 retinentis
897 2507 979 2569 vitat

243 2610 275 2666 et
295 2606 433 2667 nimium
452 2605 528 2667 forti
547 2606 658 2682 pulsus
677 2606 717 2665 ab
737 2606 828 2667 hosis
848 2606 938 2685 fugit.

202 2705 251 2763 illi
271 2705 360 2764 nulla
379 2724 493 2764 manus
512 2703 693 2764 miserando
714 2703 837 2764 addicta
857 2704 959 2765 labori

242 2803 351 2864 effodit
370 2804 426 2863 aut
445 2821 576 2864 saevum
596 2822 652 2880 per
671 2821 758 2861 mare
780 2801 902 2879 quaerit
923 2821 1012 2879 opes:

201 2901 316 2962 ianitor
336 2901 420 2962 haud
440 2920 582 2977 unquam
601 2899 734 2960 miseros
753 2901 786 2960 et
805 2900 908 2961 frusiu
928 2899 1069 2977 rogantis

242 2999 405 3060 liminibus
425 2999 549 3076 magnis
571 2999 669 3059 durus
688 2997 774 3058 abire
795 2998 890 3058 iubei.

201 3118 287 3159 mors
307 3117 429 3175 quoque
446 3118 512 3158 non
531 3099 645 3158 terrei:
673 3116 801 3174 superos
822 3096 884 3157 sibi
903 3099 1041 3175 praestat
1061 3095 1178 3157 amieos

241 3195 383 3274 quisquis
403 3195 518 3257 virtuli
537 3215 660 3272 semper
680 3195 801 3256 amicus
820 3197 904 3256 ersi:

200 3294 254 3354 sed
275 3313 360 3355 serae
380 3294 509 3371 propius
530 3293 683 3371 paulatim
703 3293 851 3354 allabitur
870 3294 974 3369 horae,

241 3393 327 3471 iique
347 3392 455 3454 minus
476 3393 596 3468 duram,
621 3392 705 3469 quod
726 3392 804 3453 libet
823 3392 877 3468 ire,
900 3392 1004 3454 viam:

199 3491 264 3551 ism
283 3489 384 3569 magis
404 3493 498 3568 sique
519 3490 620 3568 magis
640 3491 783 3551 caelestia
803 3490 917 3568 gaudia
936 3492 1059 3570 gustat:

239 3590 332 3652 vivus
352 3588 387 3650 in
406 3588 561 3650 aetherius
580 3588 785 3668 evehiturque
806 3590 923 3652 domos

1069 3683 1093 3717 A.
1105 3682 1131 3717 D·
1143 3682 1167 3717 (i.
