3018 4478
610 321 826 374 OXONIENSIS

687 762 738 803 xn

253 850 312 918 *Os
335 853 426 934 φίλος
450 851 608 918 ἀθανάτοις
630 852 755 919 πέλεται
777 859 868 938 γενεᾷ
891 880 924 921 τε
946 861 1074 936 τροφαῖς
1096 883 1138 931 τε,

302 954 405 1020 οὔποθ’
427 957 445 1019 ό
466 956 496 1039 γ’
518 957 669 1042 ἀλλοτρίῳ
690 955 803 1037 λήματι
825 962 932 1025 δοῦλος
954 959 1022 1040 έφυ·

260 1061 364 1123 ἀσπίδι
387 1059 412 1124 δ’
435 1060 558 1144 οὐδεμιᾷ
579 1064 688 1144 χρῆται
711 1061 792 1140 πλὴν
814 1064 973 1143 φροντίσιν
996 1063 1106 1144 όρθαῖς,

301 1162 371 1227 οὐδὲ
391 1163 502 1249 τέχνην
521 1166 613 1230 ἀσκεῖ
631 1165 712 1244 πλὴν
733 1169 771 1229 τὰ
791 1167 891 1231 δίκαια
911 1164 1022 1249 λέγειν.

261 1267 328 1332 οὐδὲ
350 1268 493 1349 τύραννον
515 1270 581 1354 ἔχει
602 1272 705 1354 ψυχῆς
728 1269 872 1335 ἔντοσθεν
894 1270 999 1353 ἔρωτα·

303 1370 378 1455 ᾅδην
398 1369 424 1435 δ’
445 1371 481 1435 ού
501 1372 606 1439 δεδιὸς
627 1372 723 1453 ἠρέμα
745 1373 946 1458 προσδέχεται

260 1474 334 1539 αίέν·
369 1477 435 1540 ἐπεὶ
458 1476 556 1541 κεῖνόν
577 1475 605 1558 γ’
629 1476 709 1544 οὔτις
732 1475 904 1557 προσέδησε
924 1477 1051 1558 μέριμνα

301 1579 341 1666 τῷ
360 1580 455 1664 βιότιρ
479 1587 606 1645 πολλῶν
627 1578 688 1644 οὔτ’
709 1580 823 1663 ὀλίγων
846 1579 962 1662 φάτιος.

260 1683 318 1746 οὐδ’
342 1683 473 1749 ὁπόσους
496 1708 528 1748 τε
550 1684 626 1768 τύχη
647 1683 798 1766 μεγάλους
812 1681 869 1772 ,καὶ
892 1684 991 1765 τόλμα
1014 1683 1178 1764 προσαύξει

303 1788 391 1865 ζηλοῖ
410 1787 594 1869 ἐπιβλέψας,
617 1785 678 1851 οὐδ’
701 1786 812 1868 έμαθέν
832 1812 869 1869 γε
890 1789 995 1851 παθὼν

260 1892 299 1956 ὥς
321 1889 388 1954 ποτ’
410 1893 599 1958 ἐπαινοῦντες
620 1892 739 1971 λώβαις
763 1890 923 1957 πλείσταις
946 1890 1109 1956 ἐκάκωσαν·

302 1996 335 2059 ἓν
357 1998 391 2059 δὲ
411 1996 567 2061 πολιτείας
590 1995 669 2062 εἶδος
692 1994 760 2077 άγει
782 1995 817 2059 τδ
840 1996 943 2061 καλόν.

261 2099 344 2165 οὗτος
367 2096 560 2177 ἀπήλλακται
582 2100 730 2182 γλώσσης
751 2097 945 2177 βλάπτοντος
969 2101 1086 2179 ἑταίρου

303 2204 447 2284 εὐσεβίας
470 2203 578 2289 ἐχυρὸν
600 2203 808 2285 κρησφύγετον
831 2203 975 2288 κατέχων,

260 2307 406 2391 οὔτεγὰρ
429 2307 461 2371 εὖ
483 2305 597 2390 πράξας
619 2307 691 2388 βίον
714 2306 751 2370 ἂν
775 2306 914 2370 θιόπεσσι
936 2305 1090 2391 παράσχοι

302 2412 370 2476 οὔτε
392 2412 495 2476 πεσὼν
517 2412 604 2492 ύβρει
626 2415 730 2491 καιρὸν
751 2411 857 2474 ἐνόντα
879 2412 973 2474 λίποι.

260 2517 384 2595 δαίμονα
406 2516 442 2594 δὴ
464 2516 570 2581 νύκτας
593 2540 626 2579 τε
649 2512 698 2578 καὶ
718 2513 818 2595 ἤματα
840 2513 929 2578 πάνθ’
952 2516 1075 2580 ἱκετεύει

302 2621 424 2702 ἑρμαίαν
447 2620 589 2703 πρότερον
613 2624 682 2684 νοῦν
705 2617 814 2698 ἀρετήν
837 2644 870 2682 τε
893 2624 1004 2702 πορεῖν,

262 2728 293 2787 ἐν
314 2724 339 2788 δ’
364 2725 465 2789 ἀσινεῖ
482 2725 579 2810 βιότιρ
601 2723 713 2806 διάγων
736 2721 812 2804 ἦμαρ
834 2719 1018 2803 παυάμωμον

301 2825 321 2905 ἢ
344 2829 437 2910 φίλον
459 2825 477 2907 ἢ
500 2830 618 2907 βίβλον
641 2825 775 2908 σώφρον’
798 2825 977 2906 ἑταιρίσατο.

261 2932 371 3011 θάρσος
393 2932 566 3011 ἐλευθερίαν
586 2957 620 2995 τε
642 2929 739 3009 νέμων
761 2928 797 2993 ού
819 2933 932 3008 δεσμδν
954 2927 1070 3012 ἐπέγνω

305 3037 427 3102 ἐλπίδος
450 3034 590 3115 αἰρούσης
612 3035 760 3117 ἀργαλέου
781 3058 815 3097 τε
836 3032 947 3113 φόβου·

262 3141 315 3218 γῆς
336 3142 391 3218 μὲν
412 3139 535 3220 ἄμοιρος
558 3140 615 3203 ἐὼν
637 3138 787 3219 βασιλεὺς
809 3138 899 3201 αύτοῢ
921 3162 957 3220 γε
979 3136 1138 3220 πέφανται,

307 3247 417 3325 κλῆρον
439 3245 463 3308 δ’
487 3245 624 3329 ἐσχηκὼς
644 3241 767 3322 μηδένα,
790 3242 877 3306 πάντ’
900 3241 946 3324 ἄρ’
968 3243 1043 3328 ἔχει.

1124 3362 1148 3397 Ῑι.
1161 3361 1183 3396 0.
