3050 4476
623 375 838 422 OXONIENSIS

700 929 754 970 XCI

269 1025 406 1098 I;—nee
426 1024 513 1085 enim
533 1023 649 1085 vallem
669 1025 819 1102 sedesque
839 1024 981 1085 habitare
1001 1025 1123 1103 quietas

309 1122 423 1200 dignus
444 1143 486 1198 es,
511 1126 565 1183 aut
585 1123 706 1200 placido
729 1123 812 1184 ruris
832 1122 952 1184 honore
973 1124 1055 1184 frui:

268 1220 386 1281 scilieet
405 1221 465 1281 hos
485 1221 612 1281 imbelle
632 1240 739 1299 genus,
763 1241 863 1299 neque
884 1221 994 1282 litibus
1014 1223 1132 1298 aptum,

309 1319 430 1379 obtinet
451 1319 579 1397 antique
599 1319 667 1379 iure
688 1319 834 1397 fovetque
854 1318 947 1380 loces.

266 1418 319 1478 hie
339 1438 505 1478 nemorum
526 1418 629 1478 eultor
649 1417 711 1478 sibi
729 1438 802 1478 mus
822 1418 961 1495 quaesita
982 1419 1106 1495 reponit

307 1516 464 1593 providus,
488 1515 636 1576 hibernas
656 1515 865 1593 anticipatque
885 1517 989 1591 viees3

266 1613 318 1673 hie
339 1613 456 1690 rigidae
477 1632 611 1690 quereus
629 1613 772 1689 explorat
792 1613 903 1673 rubera
923 1614 1018 1690 picus,

306 1712 480 1789 pabulaque
502 1711 536 1771 in
558 1712 637 1772 duro
659 1711 770 1772 eortiee
791 1715 866 1772 nota
886 1712 985 1788 petit;

265 1810 317 1869 hie
338 1809 407 1870 evis
428 1810 583 1886 attritum,
607 1810 684 1870 dum
705 1830 737 1870 se
758 1810 851 1870 frieat
870 1810 987 1887 arbore,
1010 1813 1159 1872 truncum

305 1928 397 1985 saepe
416 1908 492 1968 facit
511 1908 614 1969 levem
635 1908 690 1985 qui
709 1908 797 1986 prius
817 1927 908 1986 asper
927 1912 1011 1969 erat:

264 2007 317 2066 hie
337 2009 369 2067 et
390 2006 458 2068 ovis
478 2006 562 2066 inter
582 2009 678 2067 noctu
698 2026 795 2084 vagor
815 2006 882 2083 ipse
903 2007 1034 2084 dieque3

305 2104 392 2181 pacis
411 2124 522 2164 amans
543 2104 612 2166 ovis
632 2106 688 2181 est,
711 2105 797 2182 paeis
817 2105 938 2166 amiens
957 2127 1025 2184 ego.

265 2223 284 2262 a
303 2203 408 2280 miser,
432 2203 580 2281 hospitiis
600 2203 693 2264 abeas
713 2203 769 2281 qui
788 2203 906 2264 talibus
926 2205 1033 2266 exsull

304 2321 402 2379 paene
423 2306 530 2364 movet
551 2302 696 2362 lacrimas
716 2321 785 2363 sors
804 2303 867 2377 tua,
891 2304 988 2379 taure,
1011 2323 1114 2364 meas:

264 2417 329 2461 non
350 2420 407 2477 ego
428 2400 569 2461 Tiburno
589 2403 712 2460 mutem
732 2400 870 2478 villaque
892 2401 1008 2462 Sabina

304 2499 491 2560 Caesareum
511 2519 628 2559 nomen
649 2499 875 2576 Caesareaeque
897 2500 1014 2561 domos

263 2600 296 2657 at
316 2597 376 2657 tibi
396 2618 488 2658 mens
508 2599 570 2658 alia
591 2600 656 2659 est:
684 2599 812 2659 sordent
833 2598 894 2659 tibi
914 2600 996 2660 dona
1017 2598 1131 2676 quietis

305 2696 428 2774 otiaque
448 2699 481 2757 et
497 2696 527 2756 si
546 2697 622 2774 quid
642 2715 704 2773 pax
724 2696 820 2757 habet
839 2697 924 2757 alma
944 2697 1040 2772 boni;

262 2815 322 2855 nee
342 2794 405 2855 nisi
424 2794 646 2872 magnanimus
666 2795 782 2872 gaudes
801 2795 962 2873 victorque
982 2796 1089 2856 vocari

303 2893 454 2954 Martius:
481 2894 557 2953 haee
576 2892 674 2971 igitur
694 2912 763 2954 sors
783 2892 843 2952 tibi
863 2896 961 2955 restat
973 2894 1083 2969 ;-abi.

264 2991 311 3051 nil
331 3011 388 3069 ego
409 2992 532 3068 curabo,
555 2992 637 3052 mihi
657 2992 734 3051 dum
754 3011 820 3055 non
841 3011 951 3052 rursus
972 2993 1103 3068 oberres,

304 3109 360 3152 seu
380 3091 499 3151 Boreae
518 3091 628 3152 venias
647 3091 765 3166 limina,
790 3089 855 3152 sive
876 3091 968 3153 Noti:

262 3189 340 3249 haee
360 3189 420 3249 tibi
440 3193 546 3250 cantat
567 3210 666 3253 ovans
687 3188 816 3251 abeunti
837 3189 935 3267 Musa,
959 3191 1097 3269 forisque

304 3287 443 3350 eoneutit
464 3287 545 3349 irata
564 3291 637 3366 post
657 3290 713 3350 tua
732 3291 821 3370 terga
842 3309 948 3354 manu.

1095 3402 1116 3440 3.
1128 3401 1153 3438 A.
1167 3403 1191 3438 Θ.
