3050 4476
618 342 833 391 OXONIENSIS

355 503 444 568 δόλος
467 504 555 567 αὑτὸς
577 501 636 584 γὰρ
658 502 774 583 έρότων

355 603 405 670 ἔπῖ
428 608 546 684 θνητοῖς
570 604 614 669 ὅδ’
637 606 684 668 ἀεὶ
708 601 897 671 κάθανότοις·

443 709 576 788 κάλαμος
597 706 623 771 δ’
648 709 698 771 οἶα
718 709 821 791 ῥαγεὶς

438 810 528 898 ᾕμαξ’
554 811 647 894 ἀγκὰς
672 812 788 895 ἔχοντα.

354 919 562 983 κατέκλαυσαν

354 1019 417 1086 τόθ’
440 1021 577 1097 ἅπαντες,
602 1018 643 1083 οῖ’
666 1018 712 1096 όν,
735 1019 828 1100 οἶμαι,

354 1124 408 1189 κᾶν
432 1125 502 1206 σφὼ
525 1129 577 1188 νῦν
599 1149 635 1206 γε
659 1123 810 1198 κλύοντες,

439 1229 543 1312 φθόνῳ
567 1228 594 1290 εί
614 1226 655 1306 μὴ
678 1225 791 1307 φρένας
812 1222 831 1304 ἢ

439 1330 530 1415 γήραϊ
551 1331 587 1410 δὴ
610 1330 824 1413 ’παχνοόσθην

681 1711 764 1750 LXIII

289 1815 323 1873 A.
356 1808 437 1872 Εἶεν·

352 1912 429 1995 ἄγαν
452 1911 632 1994 φοβούμεθ·
664 1912 703 1977 ὡς
725 1912 763 1975 τὰ
784 1911 873 1975 πάνθ’
897 1910 959 1990 ἔξει
982 1915 1091 1977 καλῶς.

288 2022 321 2080 Β.
354 2017 450 2080 καίτοι
473 2016 574 2098 σοφὸν
597 2015 714 2095 καλοῖμ’
736 2014 775 2080 ἂν
797 2018 882 2082 ὅστις
904 2014 942 2080 ἂν
964 2021 1084 2096 βροτῶν

352 2121 483 2202 νεφέλας
506 2121 577 2184 ῖδόν
599 2118 666 2184 ποτ’
689 2119 909 2202 ἔγκολιίπτηται
934 2118 1017 2200 κόρα·

352 2225 425 2290 όταν
447 2225 480 2289 δὲ
500 2225 591 2305 μείζω
615 2226 721 2306 φόλλα
743 2223 898 2309 καταπέσῃ
921 2223 1016 2305 χαμαὶ

351 2327 478 2411 πάρεστι
502 2329 623 2411 χειμόν·
652 2329 742 2408 ἡλίου
765 2329 789 2394 δ’
812 2330 945 2413 ἀπουσίᾳ

349 2432 392 2497 τίς
415 2429 482 2514 οὐχὶ
505 2432 595 2496 νύκτα
617 2431 794 2516 προσδοκᾷι
827 2437 913 2513 φιλεῖ
935 2433 967 2497 δέ
988 2457 1035 2495 τοι

350 2536 452 2617 τυφὼς
475 2536 571 2618 ἄωρος
594 2541 684 2616 λιμὸν
707 2536 849 2619 ἔχθιστον
873 2535 987 2617 φέρειν.

349 2636 417 2722 πόχ’
439 2639 477 2703 ἂν
500 2645 599 2706 καλῶς
623 2639 689 2720 ἔχοι
712 2637 785 2702 τόδ’·
816 2640 842 2701 εί
866 2639 891 2701 δ’
913 2640 988 2702 οὕτω
1012 2642 1091 2703 θεοῖς

349 2747 449 2806 τελεῖν
470 2741 604 2806 δέδοκται
627 2742 778 2823 κρείσσον’
800 2737 818 2820 ἢ
843 2741 905 2804 κοτ’
928 2739 1014 2819 ἆξίον

348 2844 433 2925 ἡμῶν
455 2844 519 2909 τάδ’
541 2846 637 2923 ἔσται,
659 2845 721 2929 χῶς
745 2844 840 2926 ἔμοιγ’
865 2842 915 2908 ἀπ’
935 2845 1076 2907 ἐλπίδων.

284 2953 316 3011 Γ.
348 2947 367 3028 ἦ
389 2949 493 3013 πολλὰ
515 2952 573 3014 πᾶς
595 2974 640 3014 τις
664 2950 696 3012 ἐν
718 2945 829 3029 φρεσὶν
851 2949 951 3014 δείσας
974 2949 1050 3031 ἔχει·

350 3053 420 3116 κούκ
443 3052 508 3116 ἔσθ’
531 3054 588 3134 ὅτῳ
610 3078 656 3118 τις
679 3054 722 3118 είς
744 3052 852 3134 λόγους
875 3051 960 3115 ἔλθοι
982 3050 1078 3129 ξυνὼν

347 3154 388 3235 μὴ
410 3154 493 3219 δεινά
515 3181 578 3222 πως
600 3156 764 3220 λεόσσοντι
787 3154 954 3236 φροντίδων
976 3154 1075 3236 βάρει.

284 3263 318 3322 Β.
350 3264 437 3340 φιλεῖ
458 3260 516 3342 γὰρ
538 3259 614 3325 εἶναι
637 3264 739 3335 ταῦτα,
763 3259 833 3339 πρίν
855 3282 884 3322 τι
906 3261 990 3338 πῆμα
1012 3261 1051 3347 γῇ

347 3361 503 3442 σκήπτειν·
535 3367 701 3443 προταρβεῖ
722 3363 795 3445 γοῦν
817 3388 861 3429 τις
884 3363 917 3426 οὐ
939 3364 1126 3446 διχορρόπως

348 3465 382 3530 τὸ
404 3465 529 3544 μέλλον,
553 3462 596 3528 οῖ’
618 3463 655 3530 ἂν
677 3471 750 3547 πρὸς
772 3470 849 3531 θεῶν
872 3467 1050 3548 όρμόμενος·

348 3568 387 3635 ὡς
410 3568 458 3633 καὶ
481 3566 654 3646 θάλασσαν,
677 3569 755 3649 χεῖμ’
780 3571 853 3633 ὅταν
874 3569 973 3657 μέλλῃ
995 3571 1129 3651 βρέμειν,

346 3674 497 3737 ἀνθοῦσαν
519 3675 619 3756 ὑγροῖς
643 3674 760 3755 εἴδομεν
782 3675 966 3740 κλυδωνίοις.

1091 3791 1111 3825 ι.
1123 3793 1149 3827 κ
1162 3792 1187 3826 α.
