3050 4476
610 346 824 395 OXONIENSIS
907 422 910 429 ι

700 699 741 745 ΙΝ

350 796 430 878 Μέγ’
451 794 489 875 ῆν
511 795 545 858 τδ
568 801 660 874 δῶμα,
684 796 846 878 διχότομον
869 794 978 861 κύκλου
998 793 1097 878 μέρος,

351 904 507 964 δισσοῖσιν
528 902 611 982 ύψοῦ
633 899 731 964 κίοσιν
752 898 947 983 πετρηρεφές·

353 1003 454 1083 θρόνοι
477 1002 503 1067 δ’
526 1006 648 1084 ἐνῆσαν,
668 1004 703 1067 οὗ
725 1002 786 1066 κατ’
811 1003 947 1069 εὐκλείας
971 1003 1069 1085 κρίσιν

354 1107 480 1188 πρόμοις
502 1106 593 1186 άναξί
614 1105 642 1170 θ’
662 1107 782 1188 ῆμένοις
803 1109 949 1172 λεύσσειν
970 1108 1076 1187 παρῆν.

355 1209 392 1289 ἦν
414 1210 441 1274 δ’
463 1212 618 1293 ἆκαλυφὲς
641 1212 801 1286 τούκεῖθεν,
824 1210 884 1275 ἔνθ’
907 1209 1062 1290 ὑπαίθριος

355 1315 443 1394 σταίη
465 1314 509 1380 ’πὶ
531 1314 670 1398 χῶμασίν
691 1340 724 1379 τε
747 1313 795 1379 καὶ
815 1313 942 1395 βάθροις
963 1314 1050 1379 λεῶς.

356 1420 389 1482 έν
411 1417 507 1481 τοῖσδ’
529 1417 649 1496 άσημον
670 1417 761 1501 χωρὶς
784 1418 895 1481 εὐθύνω
917 1417 1023 1497 βάσιν.

357 1520 423 1588 δαῖς
445 1520 471 1585 δ’
494 1520 629 1600 έξισοιῖσ’
650 1520 781 1602 ἤκμαζεν
801 1521 878 1607 ῆλίιρ
901 1522 1019 1603 δρόμον,

359 1626 460 1689 θυσίαι
482 1621 509 1688 τ’
533 1624 599 1690 έπεὶ
621 1624 765 1705 γέλωτος,
787 1625 904 1704 ἡδονῆς,
924 1624 1019 1704 μέθης

359 1729 464 1813 ψυχὴν
487 1729 636 1808 ἔπλησαν,
660 1728 734 1793 κατὰ
756 1730 827 1795 θέαν
849 1727 1062 1813 τετραμμένοις

358 1834 512 1913 πάνδημον
535 1832 621 1899 εὐθὺς
645 1837 744 1899 κεῖνον
765 1836 890 1917 εἰσῆγον
911 1833 1027 1913 λάτριν,

362 1936 473 2014 σκευὴν
495 1936 647 2001 σταλέντα
668 1935 723 2016 τῆν
745 1935 929 2019 τεταγμένην
950 1936 1079 2001 πόλεως.

362 2038 456 2120 πόρος
477 2044 532 2119 μὲν
555 2041 656 2105 αύλῶν
677 2039 838 2122 τυμπάνων
858 2037 885 2102 τ’
905 2038 954 2126 ᾔει
974 2039 1089 2122 ψόφος,

364 2144 450 2209 ἔνθεν
473 2146 506 2208 δὲ
529 2143 637 2209 κάνθεν
659 2145 793 2227 φύλακες
815 2143 1044 2224 έξωπλισμένοι,

364 2254 559 2328 πεδοστιβεῖς
583 2251 674 2328 ἱππῆς
696 2271 739 2315 τε·
769 2249 887 2332 πρόσθ’,
909 2251 1018 2314 ὄπισθε
1040 2250 1072 2312 δὲ

365 2358 496 2435 λογχῶν,
518 2352 680 2433 ἀτράκτων,
702 2359 880 2435 σφενδονῶν
901 2352 1069 2428 ἐπιστάται,

366 2457 468 2520 ἵππων
490 2481 524 2520 τε
546 2457 711 2521 πονόπλων
733 2457 868 2538 άμβάται
890 2456 1101 2540 τενχεσφόροι.

365 2558 411 2641 χῶ
434 2564 490 2641 μὲν
513 2560 600 2641 λεῶς,
623 2560 663 2626 ὡς
685 2561 772 2639 εῖδεν,
794 2561 900 2640 αἰθέρα
922 2559 1022 2644 κτύπῳ

369 2663 481 2745 έσχιζζ
504 2663 635 2730 ἐπαίνοις
659 2665 870 2745 ἐνδατούμενος
892 2664 971 2738 θεόν,

370 2765 402 2833 δς
424 2766 537 2850 γοργὸν
559 2769 669 2850 έχθρδν
691 2765 879 2847 προύξένησε
899 2766 1023 2849 χείριον.

370 2871 386 2931 ὁ
409 2869 435 2933 δ’
458 2869 608 2948 άδάματος
629 2868 695 2951 μέν,
717 2876 865 2952 καρτερῶν
887 2866 922 2948 δ’,
943 2871 975 2935 ές
997 2869 1050 2932 τδν
1071 2868 1166 2932 τόπον

371 2972 458 3053 εἶρφ’,
481 2974 568 3055 οίπερ
591 2972 675 3055 ῆγον
707 2977 755 3036 καὶ
776 2973 814 3038 τά
836 2971 1091 3054 προστεταγμένα,

371 3073 427 3160 (ὧν
449 3075 486 3155 ῆν
508 3102 544 3158 γε
567 3082 655 3155 πεῖρα
677 3077 850 3158 δεργμάτων
871 3072 1052 3161 τητωμένη)

374 3178 459 3258 έλξοι
483 3182 602 3245 σπάσαι
624 3206 666 3260 τε,
688 3180 846 3261 βαστάσαι
869 3181 998 3262 θραῦσαί
1018 3180 1053 3258 τ’,
1075 3181 1120 3245 ἔτι

373 3281 483 3362 ῆθλησ’
506 3284 626 3370 ἀπίστῳ
649 3284 746 3349 πάντα
769 3284 934 3369 κάκπάγλῳ
957 3283 1073 3362 σθένει,

374 3388 487 3452 κούδεὶς
510 3389 623 3468 ἐτόλμα
645 3389 771 3471 τάνδρὸς
793 3389 893 3453 άντίον
914 3393 1028 3470 μολεῖν.

1099 3505 1206 3539 w.0.n.
