3028 4468
645 355 860 404 OXONIENSIS

701 933 790 974 CXXII

251 1029 340 1104 Quod
361 1028 509 1106 quoniam
530 1029 628 1104 dooui,
653 1049 717 1089 non
736 1032 786 1089 est
805 1028 948 1090 mirabile
970 1050 1064 1108 quare

249 1127 350 1188 dioam
370 1127 493 1188 felicem
513 1131 545 1188 el
564 1147 639 1189 vera
658 1128 774 1188 fretum
795 1127 914 1188 ratione

250 1226 303 1302 qui
324 1247 381 1286 neo
402 1246 456 1303 spe
476 1247 533 1287 neo
553 1227 617 1288 iam
638 1246 724 1287 cassa
744 1227 912 1287 formidine
933 1230 1068 1304 torpens,

248 1325 333 1385 huno
353 1326 453 1386 tuitus
473 1326 573 1387 solem
594 1330 693 1387 terras
712 1347 799 1387 mare
821 1327 929 1387 nubila
949 1327 1117 1402 flammam,
1199 1405 1201 1410 ¹

249 1425 332 1483 unde
353 1425 417 1484 exit
436 1425 548 1501 plenus
568 1426 650 1486 vitae
672 1427 708 1485 ul
729 1427 860 1486 conviva
881 1425 1036 1502 remigret.

250 1523 355 1583 omnia
376 1524 402 1581 si
423 1543 533 1600 pergas
552 1523 687 1585 vivendo
707 1524 832 1585 vincere
854 1524 960 1600 saecla,

250 1641 304 1680 seu
325 1640 439 1698 paucos
459 1641 567 1696 annos,
590 1622 698 1681 eadem
719 1624 826 1683 lamen
847 1622 952 1681 omnia
973 1641 1104 1698 semper,

250 1723 341 1797 earne
362 1720 443 1779 redit
464 1720 542 1780 falsa
561 1720 699 1780 novitate
720 1724 847 1779 extrusa
866 1722 1014 1781 vetustas.

250 1818 326 1893 quin
346 1818 500 1878 rationem
519 1818 687 1878 hominum
707 1822 740 1878 el
759 1818 837 1880 vitai
859 1818 968 1895 collige
988 1839 1133 1879 meeum:

249 1918 399 1992 tanquam
419 1916 507 1976 mille
528 1916 596 1976 foro
615 1916 721 1976 videas
742 1936 915 1993 properare,
938 1937 1038 1993 neque
1059 1917 1118 1976 ulli

250 2016 332 2073 stare
353 2015 462 2074 datum
482 2034 576 2091 quem
598 2034 647 2074 res
667 2015 772 2075 trahat
783 2037 791 2089 ;
811 2014 1008 2091 hospitioque
1029 2015 1136 2073 refecti

249 2112 398 2172 festinant
418 2115 454 2172 ut
474 2133 558 2173 nuno
579 2113 671 2188 nugis
692 2133 775 2172 nuno
797 2114 888 2173 rebus
908 2113 1036 2189 agendis

248 2210 402 2270 iactentur
422 2211 520 2270 vastis
540 2231 694 2273 vanarum
714 2212 853 2271 fluctibu’
875 2232 989 2272 rerum.

250 2329 344 2385 quare
364 2309 460 2369 etiam
480 2312 573 2387 atque
593 2310 689 2370 eliam
709 2310 769 2369 hoo
790 2311 911 2387 primus
933 2310 986 2386 qui
1006 2309 1140 2368 evaserit
1160 2311 1250 2368 aestu

249 2407 370 2482 primus
389 2408 484 2468 habet
504 2411 632 2484 portum
653 2410 795 2485 optatum
815 2428 983 2484 paoemque
1004 2407 1142 2484 petitam.

249 2525 323 2583 ergo
343 2507 436 2566 litora
455 2509 532 2566 sunt
552 2506 705 2566 servanda
724 2506 892 2565 minoribu'
912 2505 991 2564 velis

250 2626 307 2664 neo
327 2606 546 2682 temptandum
568 2605 687 2665 allum:
709 2606 784 2682 quid
805 2605 891 2664 enim
911 2603 1091 2681 productior
1110 2607 1195 2663 aetas

249 2703 318 2780 quil
338 2704 482 2781 praebere
503 2702 562 2763 tibi
583 2703 645 2762 nisi
666 2704 776 2780 longos
797 2704 890 2780 longa
910 2703 1039 2777 dolores,

248 2802 333 2862 luoes
353 2803 505 2879 quotquot
523 2803 608 2873 eunt,
632 2804 669 2861 ul
688 2802 796 2861 aoorbo
816 2803 924 2861 funere
944 2819 1064 2859 mersos
1153 2806 1155 2811 ’

250 2899 379 2976 (munus
399 2901 501 2978 triste)
523 2919 636 2978 gemas,
661 2921 740 2978 quos
759 2901 826 2978 ipse
846 2903 878 2960 el
898 2899 979 2959 seru'
999 2902 1146 2975 sequere?

249 2999 325 3057 adde
346 2999 441 3057 eliam
462 2998 597 3073 morbos,
622 2999 776 3057 cruciatus
797 2999 934 3074 eorporis
954 3017 1069 3074 aegros,

249 3116 420 3172 aerumnas,
446 3099 628 3173 captamque
648 3096 741 3156 malis
761 3096 856 3155 etiam
877 3096 954 3156 adde
975 3098 1139 3156 senectam.

1025 3222 1211 3260 &IahDUP-
