3028 4468
626 313 842 362 OXONIENSIS

709 678 760 718 611

233 772 342 833 Multis
363 773 418 833 illa
439 774 542 835 modis
562 794 659 851 parvo
680 795 771 835 mens
791 775 873 835 laeta
892 775 1004 851 parari,

233 897 262 955 si
282 898 391 972 nescis,
415 897 523 974 possit.
567 898 691 975 sapiens
713 919 788 958 nam
813 898 919 974 ‘plura
940 897 1057 959 habeo’
1078 900 1181 976 inquit

236 1022 349 1097 ‘quam
371 1021 484 1098 cupi0,’
505 1025 561 1082 aut
581 1021 666 1082 idem
690 1024 827 1098 ‘quanto
848 1021 1002 1082 infelicior
1021 1041 1088 1082 esse

233 1164 328 1220 quam
348 1165 432 1205 nunc
449 1165 521 1205 sum
539 1146 704 1222 poteram.'
738 1146 873 1206 fundum
887 1166 959 1206 cum
972 1146 1109 1222 perdidit
1123 1165 1234 1219 unum,

233 1268 317 1327 haud
339 1268 421 1327 male
441 1268 624 1346 Aristippus
645 1268 760 1329 solanti
780 1269 872 1330 fortis
893 1270 993 1331 amico

236 1395 318 1452 ‘tres
339 1393 420 1452 mihi
441 1394 535 1452 sunt’
556 1394 660 1470 inquit
685 1394 905 1470 ι111111111111116,
930 1398 1077 1472 quattuor
1099 1395 1182 1469 olim,

232 1519 263 1575 te
284 1519 359 1576 tuus
380 1536 463 1576 unus
483 1517 556 1577 alit:
585 1522 727 1578 nostram
748 1538 886 1579 maerere
906 1520 1007 1580 vicem
1028 1521 1059 1578 te

232 1638 306 1715 quid
329 1639 459 1699 decet?’
489 1642 522 1700 at
543 1640 650 1700 stultis
671 1662 794 1718 semper
813 1641 998 1718 locupletior
1019 1642 1122 1702 obstat

231 1768 304 1825 ante
326 1765 433 1825 oculos
453 1765 582 1842 positus,
606 1786 663 1825 nec
684 1786 799 1844 egenos
819 1771 849 1827 et
870 1765 972 1843 magis
993 1768 1062 1826 arto

232 1888 403 1964 respiciunt
424 1888 510 1948 victu
530 1888 651 1949 vicinos
672 1891 777 1950 vivere
799 1891 912 1950 suetos.

232 2012 335 2072 omnis
357 2012 391 2071 in
411 2014 544 2089 angusto
565 2013 649 2073 vitae
671 2014 734 2072 stat
754 2032 829 2074 vera
849 2013 1003 2088 voluptas,

231 2155 305 2195 vera
326 2136 424 2195 bona:
451 2138 483 2195 et
502 2138 632 2195 cunctos
653 2138 759 2195 tamen
779 2136 854 2196 hinc
876 2135 1013 2197 amentia
1032 2135 1129 2196 flectit

231 2264 375 2320 strenua:
407 2259 601 2336 prospiciunt
620 2263 652 2319 et
672 2260 926 2336 praecedentibus
945 2261 1074 2320 instant.

1084 2385 1118 2420 W.
1131 2385 1155 2418 R.
1170 2385 1198 2418 H.

701 2746 766 2787 cn11

311 2843 381 2902 Stat
400 2841 472 2902 fixis
492 2843 621 2903 demens
642 2842 740 2902 oculis
760 2845 853 2918 atquo
875 2861 926 2900 616
947 2841 1102 2915 trementi,

311 2942 490 3018 attollitque
510 2961 631 3015 manus,
656 2940 756 3017 qualis
777 2939 866 2999 stetit
886 2939 939 2998 1116
960 2942 1126 3016 patentum

311 3040 448 3099 culmine
469 3039 640 3100 Deucalion
661 3038 742 3098 celso
763 3040 918 3113 spectator
939 3058 1101 3114 aquarum,

311 3139 362 3199 vel
382 3138 514 3214 cupidus
534 3137 632 3198 caecis
653 3137 754 3198 solem
774 3137 940 3212 exoptabat
962 3136 1059 3199 Orion

309 3237 483 3296 luminibus
494 3258 501 3310 ;
530 3235 655 3312 iamque
675 3237 710 3294 in
730 3235 866 3310 lapidem
888 3235 1014 3295 cedebat
1035 3236 1178 3312 inertem,

311 3335 416 3395 nullos
438 3334 501 3394 iam
521 3335 666 3412 gemitus,
691 3334 826 3410 suspiria
846 3334 934 3394 nulla
955 3335 1092 3410 daturus,

310 3433 491 3509 ploratusve
511 3453 634 3507 sonum,
658 3432 763 3492 medio
783 3431 846 3491 nisi
866 3432 984 3492 clamor
1004 3433 1043 3492 ab
1064 3434 1153 3492 antro

310 3551 478 3608 erumpens
498 3531 648 3609 pavidum
670 3530 762 3591 dictis
783 3530 959 3590 monuisset
979 3531 1105 3591 amicis:

314 3630 407 3690 ‘tune
428 3630 514 3705 illuc,
536 3629 667 3705 iuvenis,
691 3632 814 3690 metuas
835 3629 1025 3705 descendere,
1049 3629 1151 3707 pergit

311 3725 422 3784 semita
443 3743 504 3802 qua
523 3723 639 3785 sterilis
660 3726 759 3784 terrae
777 3727 939 3802 penetrare
959 3742 1116 3796 cavernas,
