3028 4468
616 372 830 419 OXONIENSIS

599 564 601 569 '
671 578 772 623 onum

305 673 503 750 Nequiquam
524 673 633 732 laudas
653 674 742 738 fastis
763 673 963 733 memorabile
985 693 1121 747 nomen3

343 801 369 855 a,
394 781 487 839 decus
507 783 556 838 est
576 800 684 855 unum,
709 780 806 849 crede,
828 780 957 840 iuventa
976 779 1053 840 viro.

305 907 367 962 quo
388 887 470 946 mihi
489 907 575 946 nunc
595 887 731 946 laurus?
762 886 867 962 quarti
886 886 1068 946 redimicula
1088 888 1189 961 lustri,

344 994 431 1053 frons
453 995 582 1052 consuta
604 993 726 1052 hederis
748 995 869 1069 myrtea
889 992 990 1068 pluris
1009 995 1085 1051 erat.

303 1111 416 1168 rugosa
436 1093 512 1169 quid
532 1095 615 1151 serta
634 1092 754 1165 iuvant,
779 1091 854 1167 quid
875 1092 978 1150 fronte
1000 1091 1156 1150 corollae?

344 1218 399 1258 ceu
420 1218 491 1258 rosa
512 1218 589 1275 quae
609 1218 706 1258 verno
727 1200 852 1257 mortua
873 1216 941 1256 rore
962 1197 1076 1256 madet.

304 1305 415 1380 gaudia
436 1305 510 1364 tolle
530 1304 612 1364 mihi
633 1304 815 1363 canentibus
837 1303 898 1362 ista
918 1303 1057 1378 capillis;

343 1432 408 1472 non
427 1431 485 1488 ego
507 1411 577 1488 quis
598 1411 714 1470 emitur
731 1411 777 1469 nil
798 1410 860 1470 nisi
880 1410 971 1483 fama,
996 1429 1111 1469 moror.

304 1518 423 1593 quodsi,
447 1518 539 1593 fama,
564 1519 633 1576 tuas
655 1517 762 1576 laudes
783 1516 914 1575 insanus
936 1516 1048 1590 amavi,

344 1624 483 1683 nominis
503 1615 589 1682 hadd
610 1623 741 1700 cupidus
762 1622 878 1698 grande
899 1622 1039 1681 sonantis
1058 1641 1155 1694 eram,

302 1731 358 1790 sed
377 1731 505 1791 vultum
526 1730 670 1788 dominae
690 1728 795 1804 potius
816 1730 953 1803 spectare
973 1728 1102 1787 fatentis

342 1837 402 1896 hoc
422 1856 487 1895 non
506 1835 674 1912 indignum
695 1836 803 1910 pectus
825 1853 930 1892 amore
952 1853 1020 1895 suc.

301 1942 353 2002 his
373 1942 509 2019 petiique
531 1941 635 2016 oculis,
660 1940 711 1999 his
733 1944 764 1999 te
785 1940 911 2016 capique
932 1941 1072 2016 petitam,

344 2048 481 2108 maxima
501 2048 584 2125 quod
603 2047 722 2106 iubaris
742 2066 814 2122 pars
834 2066 870 2105 ea
891 2046 959 2106 visa
980 2047 1029 2106 tui
1048 2051 1117 2108 est:

302 2156 385 2215 felici
406 2155 550 2232 quotiens
570 2154 717 2213 illuxerat
737 2153 792 2212 illa
812 2154 967 2230 volupiae,

341 2282 459 2322 munus
479 2281 568 2321 amor
588 2261 688 2321 lamae
709 2259 888 2338 (sensimus)
908 2260 975 2337 ipse
996 2263 1096 2322 dabat

1096 2373 1118 2408 J,
1130 2374 1149 2409 Β.
1164 2375 1188 2407 1³.

686 2520 761 2560 cmx

301 2617 418 2676 Sestias
439 2616 473 2675 in
494 2617 619 2693 specula
640 2619 763 2675 noctem
785 2636 878 2692 quam
898 2616 992 2691 longa
1012 2618 1155 2676 tenebras

342 2716 462 2774 sederat
482 2715 655 2791 explorans,
679 2734 736 2772 nec
756 2716 863 2773 tamen
883 2713 936 2772 ille
957 2713 1053 2773 venit.

300 2818 371 2873 tum
392 2813 540 2872 redeunte
562 2813 611 2871 die
632 2812 733 2870 tristis
754 2811 965 2887 circumspicit
985 2832 1118 2888 aequor;

341 2912 428 2970 nulla
448 2911 510 2970 viri
530 2911 686 2969 monstrat
708 2909 797 2985 signa
816 2910 964 2969 notumve
985 2910 1061 2971 dies.

301 3012 334 3068 et
354 3013 492 3084 spectare
514 3010 630 3067 timens
651 3009 770 3083 spectat
790 3009 918 3082 tamen3
939 3007 1011 3084 igne
1032 3008 1180 3069 timorem

342 3110 470 3167 auxerat
491 3107 645 3166 exstincto
667 3105 779 3164 nuntia
800 3105 890 3164 taeda
910 3105 978 3165 viae
989 3128 997 3180 3

298 3227 347 3279 en,
371 3206 523 3265 miserum
544 3204 622 3278 visu,
648 3204 735 3263 iuxta
756 3204 814 3263 sub
834 3205 921 3262 turre
942 3204 1025 3280 quod
1046 3209 1150 3266 aestus

340 3304 500 3380 expulerat
520 3305 656 3364 lacerum
677 3322 789 3377 corpus
809 3301 945 3360 amantis
964 3304 1040 3363 erat

300 3406 370 3461 tum
390 3423 465 3462 vero
485 3404 643 3461 amentem
664 3400 793 3460 discissa
813 3401 899 3458 veste
920 3399 1057 3475 puellam

339 3500 540 3576 praecipitem
560 3518 653 3558 muro
676 3497 837 3558 desiluisse
858 3498 974 3573 ferunt,

298 3601 393 3674 atque
414 3598 531 3657 efflasse
552 3617 646 3673 super
667 3595 802 3656 Leandri
821 3597 929 3656 funere
949 3596 1057 3673 vitam,

339 3696 385 3755 sic
406 3716 492 3756 mors
513 3694 672 3755 unanimis
693 3694 823 3755 sustulit
843 3715 907 3755 una
927 3696 1014 3755 duos.

1096 3809 1116 3841 J.
1129 3808 1153 3840 Y.
1165 3808 1186 3841 S.
