3018 4478
640 344 855 393 OXONIENSIS

680 524 809 566 XXXVIII

248 620 322 680 Iure
343 618 441 697 igitur
460 620 560 680 vitam
581 619 754 681 humanam
774 620 855 681 ratio
875 620 1015 697 increpat
1034 619 1124 697 ipsa;

248 720 318 778 tene
340 721 376 805 ut
395 739 453 796 ego
474 719 644 796 amplectar
665 718 774 795 cupide
795 719 978 783 studeamve
999 718 1142 780 morari?

249 837 344 894 quam
365 816 419 895 qui
439 816 617 894 perdiderit,
642 819 768 876 tantum
788 818 883 877 modo
904 816 1040 894 perdidit
1060 816 1139 876 illud

249 934 313 974 11011
333 915 397 975 nisi
416 916 500 993 quod
521 915 628 975 stultis
649 935 741 975 curae
762 918 830 990 011;
858 935 937 993 quae
959 915 1097 991 corporis
1118 915 1214 975 huius

237 1032 431 1090 compagem
452 1012 531 1074 levis
553 1033 629 1073 aura
648 1014 781 1090 habitas,
805 1013 968 1074 mutabilis
989 1015 1084 1073 horae

250 1112 380 1186 insidiis,
403 1111 546 1188 variique
567 1111 664 1172 minis
687 1113 819 1173 obnoxia
841 1112 926 1174 caeli

250 1230 306 1269 nec
327 1210 407 1270 levia
427 1210 561 1270 instanti
581 1211 675 1271 debes
696 1211 832 1271 ludibria
853 1211 966 1272 morti:

251 1328 345 1384 quam
365 1308 480 1369 misera
500 1309 622 1368 assidue
640 1329 790 1386 properas
809 1309 917 1385 vitare,
942 1310 1101 1386 graduque

251 1407 326 1466 dum
346 1407 463 1483 fugitas
483 1407 629 1485 propiore
649 1408 742 1483 petis.
783 1428 840 1469 nec
862 1408 997 1485 denique
1018 1408 1144 1467 honesti

251 1504 284 1563 in
305 1508 344 1580 te,
369 1506 451 1581 quod
472 1504 574 1581 iactes,
599 1505 766 1582 quicquam
789 1509 855 1582 est;
880 1507 1005 1584 quando
1026 1506 1132 1565 omnia
1153 1506 1238 1582 turpi

251 1605 422 1680 commoda,
446 1604 517 1681 quis
538 1605 659 1680 frueris,
683 1604 743 1664 tibi
763 1608 838 1664 111111
859 1605 897 1664 ab
919 1604 1037 1681 origine
1057 1607 1141 1666 nata.

252 1702 328 1778 quin
348 1703 481 1762 minime
502 1723 536 1762 es
556 1703 664 1763 fortis:
693 1705 790 1763 terret
810 1723 904 1780 quem
924 1703 1056 1780 parvula
1076 1723 1212 1780 serpens,

252 1800 360 1860 mollia
381 1820 421 1860 ne
441 1801 553 1861 bifidae
574 1800 710 1860 intentet
730 1800 789 1861 tibi
809 1801 939 1861 vulnera
959 1800 1095 1879 linguae.

252 1902 295 1973 tu,
320 1900 442 1976 requies
463 1898 587 1958 homini
607 1899 680 1976 quia
701 1898 745 1958 sic
766 1899 859 1958 datur
879 1899 1005 1976 optima,
1029 1920 1175 1960 somnum

253 2017 396 2057 securum
417 1997 508 2074 capis,
532 1999 625 2074 atque
646 1997 775 2057 arcessis
795 1997 918 2073 saepius
939 1998 1041 2058 ultro:

253 2096 329 2154 dum
350 2096 449 2155 10111111
469 2096 538 2173 ipsa
558 2099 660 2171 tuum,
684 2115 794 2155 somno
816 2095 954 2155 securius
976 2096 1071 2172 omni,

253 2213 340 2253 caeca
357 2194 552 2255 reformidas.
594 2213 651 2253 nec
670 2213 745 2253 vero
766 2213 800 2253 es
820 2194 955 2253 tutemet
975 2194 1060 2270 ipsa3

254 2292 367 2369 quippe
387 2292 513 2352 aliunde
534 2292 657 2351 animae
678 2291 729 2351 cui
749 2292 814 2352 sint
834 2292 984 2352 alimenta
1004 2294 1143 2369 petenda,

254 2411 333 2466 quae
353 2390 413 2451 tibi
433 2410 602 2468 granorum
622 2392 671 2450 tot
691 2389 792 2450 millia
811 2391 940 2468 pulvere
959 2391 999 2451 ab
1019 2391 1088 2467 ipso

253 2490 336 2549 edita
357 2490 568 2566 suppeditant.
609 2489 662 2550 sed
683 2509 740 2549 nec
760 2492 850 2565 potes
870 2509 936 2549 esse
956 2489 1053 2564 beata,

255 2608 331 2664 quae
353 2589 435 2664 quod
457 2589 544 2648 abest
565 2587 687 2665 quaeris
708 2607 838 2665 semper,
861 2587 1037 2665 praesentia
1057 2590 1221 2662 temnens;

254 2706 311 2746 nec
332 2686 477 2745 stabilem
497 2689 653 2762 praestare
674 2686 825 2760 animum,
850 2704 928 2762 quae
948 2685 1087 2746 motibus
1108 2689 1176 2745 acta

254 2785 316 2844 huc
338 2784 413 2844 illuc
433 2784 528 2845 variis
548 2784 654 2845 fluitas
674 2783 753 2843 levis
773 2786 866 2861 atque
885 2783 1016 2860 vagaris,

254 2886 301 2943 101
321 2885 456 2958 mutans,
481 2886 557 2959 quot
576 2883 659 2959 luna,
683 2883 778 2943 vices.
819 2881 1017 2959 pauperrima
1037 2886 1120 2943 certe

254 2985 329 3041 tunc
350 2981 415 3057 fies,
439 3000 512 3042 cum
533 2981 619 3042 dives
639 2980 719 3054 eris3
748 2980 862 3056 quippe
881 2979 981 3040 instar
1000 2981 1095 3056 aselli,

156 3100 160 3105 ·
254 3079 375 3139 sarcina
396 3079 447 3139 cui
467 3079 591 3139 lumbos
612 3080 758 3155 congesto
778 3081 959 3155 praegravat
978 3098 1063 3155 auro,

254 3178 391 3254 pondere
410 3198 518 3255 pressa
538 3177 625 3256 gravi
645 3197 718 3236 cum
738 3197 864 3237 cursum
885 3179 1021 3255 exegeris
1041 3179 1118 3252 aevi,

255 3278 404 3353 invenies,
428 3297 507 3354 quae
528 3277 633 3336 demat
654 3296 734 3336 onus
753 3276 820 3352 tibi,
844 3276 979 3354 denique
999 3281 1147 3340 mortem.

256 3395 313 3435 nec
333 3376 458 3435 salvum
477 3375 548 3436 vult
568 3377 601 3434 te
622 3375 795 3452 quisquam,
820 3395 922 3452 neque
942 3376 1058 3436 amaris
1077 3377 1116 3437 ab
1137 3377 1222 3439 ullo:

246 3474 331 3534 'nam
351 3474 478 3552 proprio
498 3474 556 3534 tibi
577 3474 710 3534 seminio
731 3474 786 3550 qui
805 3474 944 3534 nascitur
964 3476 1062 3549 heres,

257 3573 312 3650 qui
331 3572 433 3650 patrio
454 3572 589 3650 appellat
610 3573 640 3631 te
661 3572 799 3646 nomine,
820 3592 911 3649 saepe
931 3573 1066 3649 querelis

257 3671 418 3749 increpitat
439 3672 583 3746 scabiem,
606 3672 638 3730 01
658 3670 760 3746 febris,
785 3671 968 3749 tardamque
987 3672 1166 3749 podagram,

258 3771 340 3846 quod
360 3770 420 3830 tibi
440 3789 504 3831 11011
525 3769 622 3829 finem
644 3767 807 3829 attulerint
825 3770 1043 3846 properantius
1064 3769 1143 3832 aevi.

341 3868 370 3926 5*
1056 3874 1065 3882 ‘
