3050 4476
629 339 846 388 OXONIENSIS

696 517 772 558 LXVI

364 604 411 666 Οὐ
434 607 492 669 πᾶς
515 605 629 670 δίκαιός
652 604 716 669 ἐσθ’
740 607 757 668 ὁ
778 605 819 685 μὴ
843 603 944 669 ’δικῶν
966 605 1041 680 τινά,

363 707 433 770 ἀλλ’
456 708 550 786 ὅστις,
574 707 644 787 ἐξὸν
667 712 740 790 δρᾶν
764 717 871 786 κακῶς,
894 710 934 789 μὴ
957 709 1104 789 βούλεται

360 815 466 876 τοῦτον
487 813 603 876 δίκαιον
626 812 735 878 ἕννεπ’.
782 812 835 876 οὐκ
859 810 998 898 ἐπῄνεσα

364 915 434 977 ὅσοι
457 915 677 993 καπηλεύοντες
700 916 864 998 ἀπέχονται
889 920 1014 994 κλοπῆς,

364 1017 435 1081 ἀλλ’
458 1020 484 1081 εἰ
508 1018 623 1096 κλοπήν
645 1045 690 1085 τις
711 1025 845 1102 χρηστὸς
868 1018 910 1084 ὢν
932 1019 1121 1102 ἀπεστράφη,

364 1120 407 1184 ὅτ’
430 1123 546 1205 αἰσχρὰ
568 1126 751 1202 κερδαίνοντι
774 1121 936 1188 λανθάνειν
958 1127 1066 1205 παρῆν.

362 1227 435 1289 αἰνῶ
458 1228 491 1290 δὲ
514 1230 613 1290 κεῖνον
635 1227 720 1292 ὅστις
742 1225 788 1307 ἀν,
811 1228 1001 1294 καταπτύσας

363 1328 496 1408 πλήθους
520 1331 545 1390 τ’
568 1330 710 1411 ἀμούσου,
732 1331 882 1413 δημόθρου
902 1331 928 1396 τ’
951 1331 1106 1410 ἀβουλίας,

362 1433 450 1499 αύτὸς
472 1433 541 1513 παρ’
563 1436 641 1520 αὐτῷ
664 1435 720 1514 τὴν
743 1437 843 1516 κρίσιν
866 1437 1053 1516 ποιούμενος,

362 1538 439 1602 εἶναι
461 1539 573 1603 δίκαιος
595 1542 717 1617 μᾶλλον
738 1537 757 1618 ἢ
781 1544 881 1603 δοκεῖν
904 1540 986 1626 θέλῃ.

1112 1658 1132 1692 J,
1147 1657 1172 1691 Y.
1182 1658 1201 1692 S.

689 1796 778 1836 LXVII

354 1882 424 1941 Iam
446 1884 509 1943 lata
530 1884 617 1943 sedes
640 1883 754 1942 deserit
776 1883 904 1942 ultimas

353 1979 415 2052 nix,
439 1985 472 2040 et
491 1981 624 2041 virentis
644 1980 751 2040 vivide
771 1981 929 2057 pullulant

394 2079 522 2139 arbusta
543 2099 598 2155 per
618 2079 740 2153 sulces3
772 2080 831 2139 sub
852 2080 938 2139 ornis

432 2177 497 2236 iam
519 2178 646 2237 latitant
665 2177 767 2237 violae
789 2179 945 2238 rubentes.

352 2276 458 2335 crebra
477 2276 643 2336 volucrum
663 2297 738 2336 voce
760 2280 851 2336 senat
871 2297 983 2337 nemus

349 2375 506 2451 vestitque
529 2375 620 2452 lenge
641 2378 731 2451 prete
751 2395 859 2436 recens
880 2377 973 2450 color,

394 2473 548 2549 sudesque
568 2493 738 2533 vanescens
759 2474 794 2533 in
814 2494 905 2533 aures

433 2571 565 2649 pignora
585 2572 652 2631 sole
673 2572 722 2631 sui
742 2572 892 2649 relinquit

351 2669 462 2729 alaude
483 2671 609 2730 centus:
640 2690 725 2729 nunc
745 2690 801 2745 per
822 2690 913 2747 egros
934 2669 1042 2729 tremit

351 2767 498 2845 lucosque
520 2768 637 2843 lumen,
660 2768 797 2827 vallibus
818 2770 849 2827 et
869 2787 962 2844 pecus

393 2866 537 2926 albescit:
566 2866 717 2942 effulgent
737 2865 915 2941 peremnis

431 2984 485 3040 per
506 2984 592 3023 mare
612 2963 791 3024 candidiore
812 2963 889 3024 vela.

350 3081 477 3139 mergus
498 3082 626 3122 canores
647 3082 731 3121 nunc
752 3061 887 3137 liquidos
908 3063 966 3121 ciet

350 3163 383 3219 et
403 3161 511 3237 glauca
532 3161 614 3220 saltu
636 3161 750 3221 dividit
770 3180 912 3236 aequore,

391 3259 574 3336 caelumque
594 3261 754 3319 mutantes
775 3278 915 3318 amorem

433 3358 495 3416 iem
516 3358 660 3417 volucres
680 3359 887 3433 repetuntque
907 3358 1015 3417 nidos:

349 3455 463 3514 vivunt
482 3458 656 3532 vagantur:
686 3475 744 3515 nes
766 3476 888 3533 quoque
909 3457 1043 3533 percutit

349 3572 433 3612 nunc
453 3574 569 3613 vernus
590 3554 689 3628 ardor,
713 3554 799 3613 floris
819 3557 852 3614 et
871 3556 1014 3616 aemulus

392 3651 512 3727 Aprilis
533 3652 568 3711 in
588 3652 705 3712 nostris
725 3652 853 3712 virescit

431 3747 608 3823 pectoribus
628 3751 794 3809 renovatus
814 3768 919 3825 angor.
1137 3779 1158 3813 e.
1173 3780 1195 3813 ο.
