3050 4476
623 350 840 400 OXONIENSIS

696 560 772 603 xovl

272 655 411 717 Saltibus
431 656 467 716 in
487 656 607 730 mediis,
631 656 730 716 fontis
751 656 922 717 Simoentis
942 656 981 715 ad
1002 656 1096 733 ipses,

311 750 492 811 Palladium
512 771 599 811 saera
620 751 720 811 stabat
739 751 775 810 in
795 770 865 810 aree
888 751 980 824 deae;

269 850 386 925 proelia
407 850 484 909 dum
504 850 614 909 miscet
635 849 744 909 Troiae
765 850 824 909 sub
843 849 1008 909 moenibus
1029 849 1156 923 Hector,

308 968 365 1007 nee
386 948 446 1008 sibi
467 950 533 1008 bam
554 968 700 1024 praesens
720 967 839 1007 numen
859 947 965 1008 adesse
985 947 1082 1008 videt.

271 1065 389 1107 numen
411 1047 517 1123 adest3
545 1047 641 1107 albam
663 1047 780 1107 sanetis
799 1047 835 1106 in
854 1046 990 1107 vallibus
1010 1046 1117 1106 aedem

311 1144 430 1204 lumina
450 1146 515 1206 iam
535 1145 636 1220 lunae,
660 1145 808 1221 iambus,
832 1144 965 1220 Phoebe,
990 1144 1113 1221 rigani3

204 1256 238 1325 χ
269 1238 344 1297 hine
363 1239 460 1315 illine,
484 1240 572 1301 velut
592 1240 684 1316 unda,
708 1242 807 1299 ruunt
828 1238 998 1298 certamina
1017 1238 1109 1313 belli3

264 1345 267 1351 ’
310 1337 386 1396 urbs
406 1337 524 1398 intaeta
545 1338 661 1413 manet,
686 1338 764 1397 dum
785 1338 842 1398 dea
862 1357 986 1414 praeses
1007 1338 1104 1397 adest.

178 1427 181 1433 ’
269 1434 313 1493 sic
335 1454 392 1495 sua
412 1437 524 1513 cuique
545 1436 652 1495 anima
671 1439 719 1496 esi
739 1455 862 1512 praeses
883 1436 946 1509 dea,
970 1435 1131 1495 montibus
1151 1434 1208 1494 illa

276 1532 279 1538 ’
311 1533 411 1593 cineta
432 1535 498 1593 suis
518 1535 637 1594 fruitur
652 1534 796 1595 liberiore
816 1533 889 1610 pole
900 1555 908 1608 ;

267 1633 343 1707 sunt
363 1631 457 1708 gelidi
477 1632 603 1706 circum,
628 1635 703 1692 sunt
719 1633 822 1692 multo
842 1651 1004 1691 murmure
1024 1631 1135 1706 fontes,

309 1748 367 1789 nos
388 1730 490 1808 adyta,
514 1751 541 1806 a,
565 1751 635 1790 rare
655 1731 789 1792 visimus
810 1730 866 1789 illa
885 1730 970 1806 pede.

268 1846 335 1886 eras
355 1829 471 1889 iterum
492 1849 617 1906 campos
637 1829 719 1889 belle
739 1829 860 1890 fervere
880 1827 1008 1902 videbis,

309 1945 480 2002 purpureas
501 1927 650 1986 Xanthus
669 1926 821 2004 sanguine
842 1925 944 2003 tinget
965 1943 1078 2001 aquas;

270 2022 395 2100 iamque
414 2025 498 2085 Aiax
518 2025 643 2099 iterum,
667 2024 731 2084 iam
752 2024 870 2101 proelia
890 2026 1031 2083 conseret
1052 2024 1178 2099 Hector,

311 2121 466 2199 Tyndaris
486 2125 518 2183 ei
538 2143 648 2183 mures
669 2142 786 2199 rursus,
812 2124 848 2182 ub
869 2125 949 2196 ante,
973 2125 1066 2199 petet.

268 2221 318 2280 ast
337 2221 443 2281 anima
463 2242 502 2282 ex
522 2222 617 2299 adyto
638 2241 699 2298 qua
720 2241 752 2281 se
772 2221 839 2280 sola
860 2220 980 2280 abdidit
1000 2221 1064 2279 alto

308 2321 414 2379 nostra
435 2322 542 2380 tamen
561 2319 687 2397 proprio
708 2318 840 2378 numine
861 2319 941 2378 faeta
962 2317 1063 2394 regit3

268 2436 329 2493 que
351 2418 426 2479 duee
447 2438 513 2478 non
534 2437 642 2478 omnes
662 2438 701 2477 ex
720 2419 809 2494 parre
829 2416 1001 2493 peribimus
1022 2415 1117 2490 omni,

308 2516 358 2575 sin
378 2517 468 2593 absit,
494 2518 602 2577 dextra
621 2516 710 2576 nulla
730 2516 855 2577 valente
876 2516 970 2575 salus.

1131 2625 1154 2660 Ε.
1168 2626 1192 2661 Δ.

684 2766 774 2807 xcv11

360 2860 417 2926 Καὶ
438 2863 499 2943 μὴν
520 2865 556 2927 τό
577 2861 603 2927 θ’
625 2865 715 2926 αύτοῦ
737 2862 848 2943 σεμνὸν
868 2862 1011 2944 ἡγεῖσθαι
1035 2859 1135 2941 δέμας,

359 2968 474 3049 γνῶναί
493 2965 520 3031 θ’
542 2969 655 3046 ἑαυτόν,
675 2964 724 3030 καὶ
746 2967 781 3031 τὸ
804 2971 976 3048 σωφρονεῖν
998 2964 1106 3046 τρίτον,

356 3075 480 3150 βροτοῖς
502 3071 540 3136 τὰ
563 3069 636 3152 κύρι’
660 3068 727 3135 ἐστὶ
750 3076 803 3134 τοῦ
826 3075 945 3151 κροτεῖν
966 3069 1053 3147 μόνα.

357 3173 428 3236 ἀλλ’
449 3174 468 3252 ἡ
491 3177 549 3256 γὰρ
573 3173 661 3258 ἰσχύς
682 3173 924 3256 αὐτεπάγγελτος
949 3178 1038 3253 φιλεῖ

356 3276 470 3343 τούτοις
492 3279 641 3353 ἐπελθεῖν,
666 3275 734 3360 ούχὶ
756 3282 807 3339 τοῦ
831 3279 949 3353 κροτεῖν
970 3276 1061 3358 χάριν

355 3381 460 3444 ἀσκεῖν
482 3381 544 3445 τάδ’
566 3382 654 3462 ἡμᾶς,
678 3381 761 3442 ἆλλδι
782 3382 837 3442 τάν
858 3381 919 3464 βίιρ
941 3380 1039 3464 χρεὼν

355 3484 466 3564 νόμιμα
488 3484 597 3565 σέβειν
619 3485 745 3566 ἔργοισι,
770 3482 915 3564 δειμάτων
937 3482 1017 3565 ἄτερ·

354 3587 438 3666 δίκην
461 3587 486 3651 δ’
509 3588 554 3663 ἄν,
576 3587 670 3652 οὕνεκ’
692 3585 730 3667 ἦν
752 3588 826 3667 δίκη,
849 3593 910 3651 τῶν
931 3586 960 3669 γ’
983 3586 1142 3668 ἐμφρόνων

354 3692 495 3755 σπεύδειν
518 3690 555 3756 ἂν
578 3692 634 3770 εἴη,
655 3695 730 3773 μηδὲ
753 3689 936 3771 συμβάντων
956 3690 1071 3769 μέλειν.

1085 3789 1111 3825 ιι.
1125 3788 1150 3824 ιι.
1162 3787 1191 3824 ιι.
