3018 4478
616 356 832 409 OXONlENSIS

699 889 749 931 vn

267 983 329 1044 Nec
350 1003 477 1044 scaenae
497 985 605 1045 nocuit
625 1006 723 1062 prava
743 986 819 1045 haec
841 984 1000 1045 comoedia
1021 986 1165 1059 tantum;

265 1081 454 1158 scriptorum
474 1083 600 1159 ingenio
622 1084 745 1144 nocuit:
773 1083 851 1160 quin
870 1082 966 1142 noxia
985 1103 1089 1143 mores

266 1180 374 1239 infecit
392 1183 527 1241 nostros.
571 1184 700 1258 patruae
720 1181 795 1241 hinc
816 1181 898 1240 mala
920 1181 1021 1241 taedia
1042 1181 1183 1259 linguae:

269 1278 389 1338 ‘fabula
403 1279 469 1338 vita
484 1278 653 1339 hominum
666 1281 734 1355 est‚’
752 1280 851 1353 aiunt,
869 1279 1045 1339 ‘comoedia
1059 1279 1130 1339 lena
1139 1282 1223 1340 est':

265 1377 309 1435 sic
329 1376 456 1452 sapiunt
476 1379 613 1453 patruos,
638 1378 718 1437 lauti
738 1377 873 1455 salsique
893 1377 1041 1438 videntur

265 1494 331 1534 esse
352 1475 413 1534 sibi
432 1476 609 1552 populoque
629 1475 760 1553 placent,
786 1496 864 1552 quos
886 1476 924 1535 ad
946 1495 1027 1535 nova
1044 1475 1132 1535 ¹vires

266 1572 414 1632 deficiunt
433 1573 588 1650 fingenda.
632 1594 752 1650 parum,
778 1594 839 1651 qua
859 1574 964 1634 vivere
985 1573 1085 1633 vitam

265 1691 402 1747 aequum
421 1672 463 1731 sit
483 1672 611 1747 ratione,
632 1672 758 1733 vident:
787 1676 907 1732 semota
929 1672 1067 1731 ferarum

266 1790 283 1828 a
303 1769 370 1829 vita
390 1772 422 1829 et
442 1770 535 1847 longo
556 1770 699 1830 nondum
719 1772 859 1848 perculta
878 1770 984 1831 labore

264 1869 330 1929 vita
348 1868 516 1928 hominum
534 1870 595 1929 hos
613 1869 758 1929 homines
776 1889 872 1946 quam
890 1869 931 1928 sit
948 1869 1084 1944 pretiosa
1102 1868 1221 1928 fefellit.

265 1967 340 2027 hacc
361 1988 426 2026 non
446 1968 564 2027 morosi
584 1969 727 2027 tantum:
755 1967 845 2026 molli
865 1967 1037 2043 timidoque

265 2065 453 2142 quicumque
474 2069 522 2124 est
541 2066 656 2140 animo,
680 2066 786 2139 credit,
811 2086 885 2125 mox
905 2066 986 2124 seria
1007 2066 1109 2125 ducit:

265 2185 340 2224 nam
361 2167 476 2241 quotus
497 2167 553 2240 est,
579 2164 677 2224 oeulis
697 2163 753 2241 qui
773 2163 890 2223 circum
912 2163 1068 2222 adstantia
1088 2164 1181 2224 rectis

265 2263 401 2340 aspiciat,
426 2266 541 2339 quotus
561 2265 594 2322 et
615 2263 717 2323 suevit
738 2260 926 2338 perpendere
948 2282 1086 2338 quaeque

265 2363 352 2421 lance
373 2364 456 2423 sua?
487 2362 660 2436 nonenim,
684 2362 808 2437 scimus,
833 2360 991 2420 comoedia
1011 2360 1077 2419 vita
1097 2363 1152 2434 est,

265 2462 318 2521 sed
338 2460 484 2520 lacrimas
504 2461 600 2520 habet
620 2465 652 2520 et
673 2462 762 2535 risus,
787 2479 844 2519 nec
865 2462 956 2535 turpe
977 2458 1088 2518 Thalia

264 2559 411 2619 exodium
431 2561 557 2618 tantum
579 2559 678 2636 fingit.
722 2559 777 2618 sed
797 2561 886 2618 vecta
905 2578 962 2634 per
981 2577 1098 2633 aequor

264 2658 384 2735 pulpita
405 2656 552 2733 pestifero
573 2657 721 2718 lustravit
742 2677 806 2716 non
827 2676 885 2716 sua
905 2675 1012 2732 gressu

264 2756 369 2815 fabula
390 2756 589 2831 Graecorum,
614 2755 700 2815 flexit
721 2775 816 2831 quam
836 2754 954 2812 insulsa
975 2773 1112 2831 propago

265 2854 298 2912 in
319 2854 407 2930 peius
424 2838 621 2930 similemque
642 2853 703 2913 sibi
723 2853 838 2912 lasciva
859 2851 1008 2928 poposcit.

265 2973 339 3012 mox
360 2952 442 3011 faece
463 2952 624 3025 exhausta,
648 2954 755 3011 motus
774 2952 882 3011 edocta
904 2951 1038 3026 decoros,

217 3062 222 3067 ’
265 3051 400 3127 plurima
420 3050 560 3110 ridendis
581 3050 743 3110 coniunxit
765 3050 873 3124 taedia,
899 3050 998 3110 nodos

266 3148 349 3207 idem
369 3168 442 3207 cum
463 3167 588 3226 semper
607 3148 723 3208 vindex
743 3148 862 3206 laxaret
883 3149 1017 3209 eosdem.

266 3266 331 3306 non
350 3246 468 3306 etenim
488 3249 544 3306 aut
565 3251 691 3323 operam
712 3245 845 3323 scriptor
866 3247 951 3306 dedit
972 3250 1026 3306 aut
1046 3267 1102 3307 sua
1123 3247 1214 3307 fortis

264 3348 388 3421 pectora
410 3346 567 3406 concussit
588 3345 680 3405 rebus
700 3345 831 3417 fecunda
852 3346 1014 3409 novandis.

1081 3453 1115 3486 W·
1124 3453 1148 3488 R.
1159 3453 1188 3487 H.
