3018 4478
602 371 817 421 OXONIENSIS

681 813 739 855 xv1

341 912 404 975 Οὐκ
427 912 566 993 αἰσχρόν,
589 907 612 972 ῶ
636 915 784 990 γυναῖκες,
807 909 948 990 ὀμμάτων
975 911 1035 975 ἄπο

341 1014 450 1077 τοιαῦτ’
476 1014 599 1093 ἀφεῖναι
623 1015 744 1094 καρδίας
767 1011 955 1092 τοξεύματος

341 1118 450 1200 ἄνδρας
472 1114 498 1179 τ’
520 1117 608 1183 ἇνιᾶν
630 1115 861 1197 εὐμενεστάτους
881 1121 1001 1199 βροτῶν

342 1221 478 1296 ἄνακτας,
499 1222 579 1299 ὑμῶν
602 1223 687 1299 οἵπερ
711 1217 772 1285 είσδ
795 1221 899 1302 κύριοι.

342 1324 394 1388 οὐκ
415 1325 484 1388 ἴστε
506 1324 542 1403 δὴ
566 1325 600 1389 τὸ
623 1324 736 1392 κάλλος
758 1327 823 1389 οῖον
845 1322 950 1409 ἐξαμᾷ,

342 1428 434 1493 οὕτως
456 1428 538 1494 ὅπως
560 1434 694 1506 λειμῶνα
716 1429 883 1493 δάπτουσιν
906 1428 999 1511 πάγοι
1011 1453 1022 1502 ;

315 1595 318 1603 .
343 1531 412 1597 νέας
435 1532 468 1594 δὲ
490 1532 632 1612 βλάστας
655 1532 764 1611 ἄνεμος
789 1533 827 1598 ὡς
850 1537 960 1616 συγχεῖ
982 1529 1081 1614 φέρων

344 1631 393 1697 καὶ
414 1639 503 1698 τοῦτο
526 1633 589 1714 λδξ
608 1636 741 1713 ποτητὸν
764 1635 903 1700 εὔκλειαν
924 1635 1021 1717 φέρει.

344 1738 378 1801 οὗ
400 1741 457 1820 γδρ
480 1740 634 1819 προσῆκόν
657 1742 743 1803 ἐστιν
765 1739 826 1804 οὐδ’
848 1739 893 1817 ἄρ’
918 1737 1051 1821 εὐφιλές·

344 1843 523 1921 θυμούμεναι
545 1841 603 1925 γάρ
627 1846 721 1923 ἔσμεν
745 1843 783 1910 ῶς
808 1842 960 1924 κυκωμένη

344 1945 425 2028 πηγὴ
446 1952 594 2029 γυναῖκες,
616 1947 760 2031 βορβόρῳ
782 1946 948 2028 μεμιγμένη

344 2054 378 2113 τδ
399 2049 474 2130 μήτε
495 2054 604 2132 γεῦσαι
626 2052 700 2129 μηδὲ
723 2049 827 2131 δίψιόν
849 2073 918 2113 τινα
974 2085 978 2092 -

343 2150 412 2232 μήτ’
434 2152 562 2232 ἆξιῶσαι
585 2156 726 2237 χείλεσιν
749 2157 845 2236 θιγεῖν
863 2153 974 2235 άκροις.

343 2261 407 2323 πῶς
429 2256 463 2320 οὐ
485 2259 604 2323 πόσεως
626 2256 684 2341 χρὴ
707 2257 827 2321 δούλιον
850 2256 956 2338 φέρειν
980 2257 1090 2340 ζυγόνς

345 2359 423 2439 ἄναξ
443 2361 476 2427 ός
498 2362 564 2424 ἐστι
589 2361 686 2442 κύριός
707 2385 739 2423 τε
762 2360 901 2442 σώματος

346 2463 453 2543 φύλαξ
471 2464 496 2527 τ’
520 2462 574 2546 ἀφ’
595 2465 631 2527 οὗ
653 2464 688 2543 δὴ
710 2468 770 2532 πῶς
793 2467 961 2546 ῶπαρτῶται
982 2466 1062 2545 βίος·

345 2566 378 2634 δς
401 2566 520 2647 κήδεται
544 2572 599 2631 σοῦ
622 2569 674 2644 τῆς
696 2595 728 2634 τε
752 2571 809 2647 σῆς
830 2572 945 2649 τροφῆς
968 2565 1016 2632 ἀεὶ

347 2672 395 2735 καὶ
416 2669 520 2735 πολλὰ
541 2674 596 2753 μὲν
618 2673 658 2757 γῇ
681 2675 785 2736 πολλὰ
807 2672 833 2736 δ’
855 2671 893 2735 αθ
915 2672 1027 2737 πόντου
1050 2671 1134 2754 σάλῳ

346 2776 450 2843 νυκτός
473 2800 506 2840 τε
530 2777 578 2840 καὶ
602 2775 665 2839 κατ’
690 2774 768 2858 ἦμαρ
791 2774 931 2855 ἐξαντλεῖ
953 2778 1029 2838 κακὰ

345 2881 439 2961 ῥιγῶν
461 2884 564 2943 πονῶν
585 2900 629 2945 τε·
659 2884 711 2943 τοῦ
733 2878 823 2963 χάριν
835 2903 846 2952 ‚·
878 2879 976 2958 δόμων
998 2879 1059 2942 ἔσω

347 2983 427 3049 ὅπως
450 2983 489 3046 σὺ
512 2983 596 3070 ναίῃς
618 2988 779 3063 μαλθακῶς
802 2981 981 3064 ἐστρωμένη·

347 3086 412 3150 άνθ
435 3090 477 3152 ῶν
500 3089 621 3152 ἀπαιτεῖ
642 3091 752 3167 μισθὸν
775 3085 862 3150 οὐδὲν
885 3086 964 3149 ἄλλο
987 3084 1068 3164 πλὴν

349 3190 451 3272 ἔρωτα,
473 3197 602 3273 φαιδρὸν
625 3193 704 3272 όμμα
727 3187 776 3253 καὶ
799 3190 986 3274 πειθαρχίαν·

348 3293 387 3360 ὦς
410 3296 476 3360 ἀντὶ
499 3295 619 3375 παύρων
641 3292 745 3358 πολλὰ
768 3295 941 3375 κερδαίνεις,
963 3293 1028 3375 ὅρα.
