3028 4468
627 346 842 393 OXONIENSIS

681 578 789 618 ouxvn

274 671 343 731 Mos
363 675 430 731 erat
451 674 527 732 haee
548 693 676 733 narrare
698 674 774 749 seni,
799 673 827 732 si
848 673 969 734 viderat
989 675 1074 736 ullos

273 828 425 888 invidiam
447 830 548 890 socios
566 830 744 906 violataque
766 830 834 889 iura
857 831 1023 906 querentis.

201 1066 204 1070 ι
276 987 378 1046 ‘Urbs
399 990 527 1064 antiqua
547 988 610 1047 fuit
629 988 755 1065 (nomen
775 988 857 1047 mihi
877 989 1005 1049 sustulit
1026 989 1129 1066 aetas),

271 1145 365 1221 inque
386 1146 454 1204 foro
475 1145 578 1204 stabat
598 1145 727 1206 Themis
748 1166 848 1221 auree,
872 1146 948 1206 nixa
967 1147 1130 1207 columna:

271 1301 358 1362 laeva
379 1321 492 1361 manus
514 1302 618 1362 lancee
639 1323 656 1361 e
677 1322 765 1362 more
785 1303 921 1378 tenebat,
946 1305 977 1362 et
997 1322 1104 1363 ensem

270 1458 404 1519 dextera.
451 1460 495 1519 eie
515 1460 618 1537 patuit
639 1460 809 1521 Themidoe
829 1460 989 1537 popularia
1009 1461 1078 1520 ium

271 1634 338 1675 esse
360 1616 419 1675 sub
441 1616 573 1692 imperio
595 1617 745 1693 sedesque
765 1619 797 1676 et
818 1617 911 1675 eorda
931 1616 1082 1676 virorum.

270 1773 443 1850 quinetiam
464 1794 576 1850 parvas
597 1774 673 1850 ipsis
693 1775 726 1832 in
748 1772 890 1832 lancibus
910 1773 1001 1833 aedes

268 1926 425 2001 ponebant
445 1926 587 1986 volucres
598 1949 605 2000 ;
633 1946 698 1986 non
719 1926 790 1985 illos
807 1926 932 2002 fulgura
953 1925 1027 1985 ferri

268 2084 446 2142 terruerunt
467 2083 603 2162 solisque
625 2104 718 2160 supra
739 2084 891 2144 radiantis
911 2084 1025 2162 imago.

267 2260 324 2299 neo
344 2241 452 2300 minus
472 2241 507 2299 in
528 2241 615 2317 peius
636 2240 720 2316 leges
740 2240 942 2301 volventibus
962 2242 1054 2301 annis

267 2398 437 2457 tendebant
458 2401 489 2457 et
509 2398 558 2459 vis
579 2399 679 2474 eoepit
699 2418 755 2474 pro
776 2399 844 2476 lege
864 2398 976 2473 velere,

267 2555 298 2611 et
318 2553 414 2614 nimis
435 2574 614 2631 oppressam
636 2555 694 2615 sub
715 2554 823 2633 iniquo
844 2554 981 2631 pondere
1001 2555 1125 2630 plebem

266 2707 422 2766 vexabant
442 2727 592 2783 proceres,
637 2707 763 2783 iamque
784 2706 883 2782 ipsius
905 2706 939 2765 in
959 2706 1024 2765 lere
1046 2708 1129 2785 regis

265 2863 380 2923 amissa
400 2865 448 2922 est
468 2864 603 2940 torques,
625 2861 765 2938 furtique
785 2863 966 2937 parentibus
987 2863 1063 2923 orba

261 3040 335 3079 mox
356 3040 407 3079 rea
428 3020 465 3079 fit
485 3020 582 3097 virgo,
606 3020 697 3082 teotis
718 3021 831 3082 aneilla
851 3022 910 3081 sub
930 3021 1039 3082 isdem.

264 3176 331 3237 iure
352 3198 388 3237 ea
410 3177 546 3238 mentito
566 3179 676 3254 eapitis
696 3181 872 3254 damnatur,
896 3181 928 3238 et
948 3178 1033 3255 ipsos

262 3337 335 3394 ante
355 3336 450 3410 pedes
470 3334 641 3395 Themidos
661 3335 745 3394 subit
765 3353 862 3411 aequo
882 3336 1006 3410 pectore
1027 3339 1181 3412 mortem3

263 3490 401 3568 dumque
421 3490 527 3550 anima
547 3491 582 3550 in
602 3490 688 3550 sedes
708 3490 795 3549 volat
815 3491 996 3568 incorrupta
1016 3492 1140 3569 piorum

262 3647 390 3708 horrida
410 3649 580 3724 tempestus
600 3646 820 3724 superingruit,
843 3647 995 3726 igneaque
1016 3667 1085 3708 aere
