3018 4478
631 390 848 440 oxomensis

703 730 772 770 xm

278 840 340 899 Vix
358 834 402 900 ea
416 861 489 900 cum
509 842 603 902 tellus
624 843 708 902 nuda
728 844 881 902 hacteuus
902 842 1005 901 omnis
1025 845 1058 901 et
1078 861 1186 916 expers

251 986 255 997 .
279 939 435 1015 tegminiS,
458 943 490 998 et
510 940 586 1000 facie
607 941 752 1018 squalens
774 941 998 1017 inamoenaque
1019 939 1099 1012 visu,

279 1036 455 1113 gramineas
476 1039 650 1099 summittit
670 1059 743 1115 opes
765 1040 926 1115 totamque
947 1038 1077 1097 tenellae

277 1135 454 1211 parturiens
474 1137 587 1197 herbae
608 1137 703 1197 viridi
723 1157 756 1197 se
776 1137 872 1198 vestit
893 1136 1019 1197 amictu.

279 1253 352 1292 mox
373 1234 493 1293 subitas
515 1235 614 1295 trudit
635 1255 774 1314 gemmas
794 1234 957 1311 variosque
978 1234 1095 1294 colores

278 1332 411 1408 explicat
431 1353 524 1393 omne
545 1354 643 1411 genus
664 1335 786 1409 florum,
810 1332 941 1392 festivus
962 1332 1051 1391 ederi

156 1505 160 1512 Ι
279 1430 400 1489 multus
420 1431 521 1490 honos
542 1432 673 1508 gremii:
696 1431 800 1492 densis
822 1431 907 1490 subit
927 1450 990 1491 uva
1011 1430 1140 1489 racemis

280 1527 449 1603 luxurians,
474 1530 596 1589 tumide
617 1550 691 1589 mox
710 1531 822 1590 ventre
843 1529 1003 1589 cucurbita
1023 1528 1135 1604 prodit.

278 1626 386 1686 horret
406 1627 611 1687 arundinibus
633 1631 707 1688 tunc
728 1647 840 1688 cornea
860 1628 948 1702 silva,
971 1627 1107 1704 myricae

280 1744 354 1783 mex
373 1725 519 1800 humiles,
543 1725 635 1786 tertis
656 1729 688 1787 et
708 1727 798 1802 spina
820 1727 934 1786 innexa
956 1725 1075 1802 capillis

279 1822 492 1885 subveniunt:
514 1823 613 1883 iustas
634 1824 779 1900 deinceps
799 1824 923 1884 imitata
944 1825 1070 1884 choreas

281 1942 419 1999 quaeque
440 1923 523 1982 levat
543 1942 669 1998 procera
689 1924 780 1982 arbos
801 1926 895 1999 caput
915 1922 1031 1998 ordine,
1054 1924 1087 1982 et
1108 1942 1216 1982 omnes

280 2020 445 2096 frugiferos
465 2020 610 2095 pandunt
630 2040 734 2079 ramos
754 2022 810 2080 aut
830 2020 941 2080 florida
961 2022 1095 2081 trudunt

281 2119 438 2194 germina:
466 2119 539 2178 dein
560 2119 648 2178 collis
669 2119 786 2194 passim
807 2139 935 2178 nemora
956 2120 1020 2179 alta
1041 2120 1198 2191 coronant,

278 2218 312 2275 et
332 2216 425 2275 vallis
447 2216 594 2277 decorant
614 2217 728 2276 herbae
749 2236 953 2294 muscosaque
974 2217 1072 2276 fontis

281 2313 430 2390 gramina,
453 2315 603 2390 perpetuo
625 2315 815 2375 clauduntur
834 2314 975 2390 margine
996 2314 1065 2374 rivi.

280 2411 345 2470 iam
365 2411 451 2487 paria
470 2414 503 2471 et
523 2412 644 2488 superis
664 2413 747 2472 fiunt
768 2413 935 2487 terrestria,
958 2412 1047 2472 sedes

282 2508 329 2567 dis
349 2508 428 2584 ipsis
448 2508 567 2585 dignae,
592 2509 659 2568 loca
679 2529 733 2570 seu
754 2529 810 2586 per
829 2528 960 2568 amoena
980 2510 1089 2586 vagari

282 2607 347 2667 sive
368 2607 496 2667 umbras
519 2607 614 2667 libeat
634 2627 736 2668 sacrae
757 2608 910 2668 celebrare
930 2607 1106 2684 propinquo

282 2705 419 2766 numine.
463 2706 604 2765 nendum
625 2708 701 2766 adeo
722 2706 828 2766 mollis
848 2705 1023 2765 immiserat
1043 2705 1154 2765 imbris

281 2803 387 2863 telluri
404 2804 489 2864 Deus
510 2803 718 2881 omnipotens,
743 2805 908 2881 deeratque
929 2804 1033 2864 labore

283 2902 337 2978 qui
357 2902 513 2962 domitum
532 2905 688 2963 exerceret
708 2922 839 2980 agrum:
861 2905 967 2962 tamen
988 2902 1056 2978 ipsa
1076 2921 1223 2978 vaporem

282 3003 393 3076 sponte
413 3021 470 3061 sua
490 3001 651 3061 summisit
670 3001 798 3075 humus,
823 3003 987 3077 totumque
1008 3000 1129 3077 rigabat

281 3117 351 3159 rore
371 3099 475 3159 selum
495 3100 684 3176 mollemque
704 3100 835 3159 herbam
855 3099 1040 3176 plantasque
1061 3098 1200 3171 tenellas,

283 3217 361 3274 quas
381 3197 494 3274 emnia,
518 3198 605 3275 prius
626 3198 660 3257 in
681 3198 786 3257 culmo
807 3217 904 3275 quam
924 3197 1007 3258 laeta
1026 3197 1143 3257 virenti

282 3296 447 3355 crescentis
468 3295 565 3355 aleret
584 3296 687 3368 tellus,
711 3297 796 3356 Deus
816 3296 883 3373 ipse
904 3297 1031 3357 crearat.

284 3396 394 3452 cuneta
415 3395 510 3453 Pater
529 3394 594 3453 iam
615 3394 684 3453 visa
703 3395 834 3471 probat:
859 3393 903 3453 sic
924 3395 1017 3454 tertia
1037 3394 1153 3453 laetam

283 3490 406 3550 deducit
427 3490 481 3551 lux
502 3495 572 3551 erta
589 3491 680 3566 diem,
705 3513 768 3553 11011
788 3492 881 3553 tertia
902 3492 1027 3552 claudit.

1120 3604 1142 3638 C.
1156 3603 1176 3637 S.
1190 3604 1210 3636 J.
