3050 4476
614 368 830 416 0101111513
1167 376 1223 437 123

261 531 433 587 cernuntur
452 526 544 586 nobis
565 527 744 604 aestivaque
765 548 888 604 gemma
910 547 1062 598 rosarum,

261 646 326 686 non
346 626 479 702 pecudes
499 625 606 701 laetae,
630 646 695 685 non
715 626 823 686 vultus
844 627 1051 704 habentiaque
1071 627 1173 687 instar

261 724 402 783 numinis
422 745 477 783 ora
497 724 612 784 virum.
655 726 710 784 sed
732 729 838 802 gratae
859 744 989 784 munera
1010 725 1094 785 vitae

260 825 409 899 perpetua
430 824 563 883 obducta
584 823 700 883 claudit
721 823 851 900 caligine
872 823 990 883 nubes:

260 921 447 981 circumfusa
465 921 554 981 nihil
566 922 682 997 species
702 921 914 998 pulcherrima
934 941 1039 981 rerum

261 1021 369 1096 totque
389 1039 462 1078 suos
482 1021 571 1079 dccet
592 1020 759 1079 ostendens
780 1021 892 1083 natura
913 1020 1035 1080 labores

261 1118 336 1193 ipsa
380 1118 465 1177 fuere
485 1118 567 1177 mihi
587 1119 770 1178 iamdudum
792 1118 1013 1178 haecomnia:
1041 1123 1162 1179 cessant

261 1215 398 1276 lumina:
427 1216 617 1294 nequiquam
638 1218 696 1277 hac
718 1217 839 1276 aditum
860 1217 1012 1293 sapientia
1033 1218 1161 1295 quaerit.

1123 1327 1151 1363 Η.
1164 1329 1189 1361 R.

692 1724 755 1764 Lxx

261 1823 334 1882 Non
354 1822 444 1881 aliter
465 1840 560 1898 quam
581 1841 654 1880 cum
675 1824 783 1881 nostro
805 1840 883 1897 quae
904 1819 994 1880 litore
1016 1819 1113 1879 missa

302 1940 358 1996 per
376 1919 495 1979 medias
516 1919 636 1978 hiemes
657 1939 713 1994 per
733 1938 819 1978 mare
841 1918 931 1978 navis
952 1918 998 1992 iit,

261 2018 316 2076 illa
336 2017 464 2093 quidem
484 2019 553 2076 tute
574 2017 601 2076 si
622 2037 700 2094 quae
720 2019 812 2076 vocat
832 2016 936 2076 insula
957 2019 1050 2093 portu

301 2136 378 2192 eque
398 2115 499 2192 magis
520 2115 620 2174 nitido
642 2115 768 2175 suavior
789 2135 863 2174 aura
884 2116 964 2191 polo,

261 2214 397 2290 adpellit,
422 2213 620 2290 placidaeque
641 2213 814 2273 immobilis
835 2213 957 2274 innatat
979 2214 1088 2287 undae,

302 2313 393 2373 navis
411 2314 444 2372 et
464 2313 498 2370 in
518 2312 605 2388 puris
626 2312 722 2371 altera
742 2313 826 2371 lucet
846 2312 954 2388 aquis:

260 2411 357 2487 spirat
377 2412 505 2470 odorato
526 2410 632 2470 mollis
654 2411 691 2470 de
713 2410 803 2470 litore
824 2413 946 2485 ventus,

302 2511 399 2585 pinna
419 2509 490 2568 fluit
510 2510 574 2568 leni
594 2509 649 2568 vix
669 2509 787 2586 agitata
808 2512 883 2569 11010
894 2532 943 2569 :-

262 2608 306 2667 sic
327 2611 371 2683 tu,
395 2628 490 2685 quam
512 2607 622 2667 celeri!
651 2608 784 2684 tetigisti
804 2608 897 2667 litora
917 2607 994 2681 velo,

301 2706 395 2765 litora
417 2726 481 2765 non
501 2705 624 2765 tumido
646 2706 812 2765 sollicitata
832 2706 922 2779 mari,

262 2805 378 2882 quique
399 2805 459 2863 fuit
480 2806 585 2863 tecum
605 2824 661 2880 per
681 2804 769 2864 mille
790 2804 927 2880 pericula
947 2802 1030 2863 vitae

302 2904 383 2962 fidus
404 2903 492 2962 adest
512 2903 611 2962 isdem
632 2923 715 2962 nunc
737 2923 860 2980 quoque
880 2906 989 2963 vectus
1010 2901 1108 2978 aquis.

262 3021 313 3061 me
333 3004 447 3076 tamen,
472 3002 547 3060 haec
567 3000 641 3060 finis
662 3001 713 3061 cui
732 3001 787 3061 vix
808 3001 945 3077 optanda
963 3001 1105 3059 laborum
1126 3004 1182 3073 est,

303 3099 439 3175 hospitio
461 3099 555 3158 tellus
576 3102 660 3158 arcet
681 3099 789 3176 iniqua
810 3120 886 3160 suo:

261 3197 389 3256 flamina
409 3197 568 3273 palantem
590 3197 735 3272 rapiunt:
765 3219 821 3258 nec
842 3199 944 3258 sidera
964 3197 1105 3274 fulgent:

302 3298 394 3371 rupta
415 3298 529 3355 nocent
548 3316 656 3373 aegrae
676 3296 747 3355 vela
767 3297 912 3374 latusque
934 3297 1002 3371 rati,

263 3393 357 3470 inque
380 3393 444 3453 dies
465 3394 617 3453 miserum
638 3394 720 3470 cogit
740 3397 790 3455 vis
810 3395 951 3471 improba
972 3395 1062 3471 ponti

303 3492 428 3569 longius
450 3495 571 3567 optatas
592 3493 765 3552 deseruisse
785 3495 861 3554 vias.
1145 3485 1149 3495 ’

263 3590 310 3648 nil
330 3592 437 3649 tamen
457 3590 490 3648 in
511 3593 614 3649 vestra
635 3611 685 3650 me
706 3591 835 3650 laedunt
855 3591 910 3650 illa
930 3591 1046 3650 salute:

303 3691 476 3762 contentus,
501 3687 581 3747 salvi
600 3708 657 3747 ves
679 3690 771 3748 modo
793 3689 870 3764 sitis,
894 3709 955 3749 erc.

1091 3799 1115 3831 A.
1129 3798 1153 3831 D.
1166 3800 1189 3832 G.
